<?xml version="1.0" encoding="UTF-8"?>
<!DOCTYPE html PUBLIC "-//W3C//DTD XHTML 1.0 Transitional//EN"
    "http://www.w3.org/TR/xhtml1/DTD/xhtml1-transitional.dtd">
<html xmlns="http://www.w3.org/1999/xhtml" xml:lang="en" lang="en">
 <head>
  <title>
</title>
<meta http-equiv="Content-Type" content="text/html;charset=utf-8" />
  <meta name='ocr-system' content='tesseract 3.04.00' />
  <meta name='ocr-capabilities' content='ocr_page ocr_carea ocr_par ocr_line ocrx_word'/>
</head>
<body>
  <div class='ocr_page' id='page_1' title='image "./p1hamassaecarmin02abbiuoft_0026.png"; bbox 0 0 2247 2865; ppageno 0'>
   <div class='ocr_carea' id='block_1_1' title="bbox 1069 120 1114 142">
    <p class='ocr_par' dir='ltr' id='par_1_1' title="bbox 1069 120 1114 142">
     <span class='ocr_line' id='line_1_1' title="bbox 1069 120 1114 142; baseline 0.022 -1"><span class='ocrx_word' id='word_1_1' title='bbox 1069 120 1114 142; x_wconf 83' lang='grc' dir='ltr'><strong>ΧΧ</strong></span> 
     </span>
    </p>
   </div>
   <div class='ocr_carea' id='block_1_2' title="bbox 194 199 2000 465">
    <p class='ocr_par' dir='ltr' id='par_1_2' title="bbox 194 199 1997 302">
     <span class='ocr_line' id='line_1_2' title="bbox 196 199 1997 247; baseline -0.005 -7"><span class='ocrx_word' id='word_1_2' title='bbox 196 209 280 240; x_wconf 76' lang='lat' dir='ltr'><strong>facta</strong></span> <span class='ocrx_word' id='word_1_3' title='bbox 303 209 354 247; x_wconf 84' lang='lat' dir='ltr'><strong>sit,</strong></span> <span class='ocrx_word' id='word_1_4' title='bbox 380 207 417 238; x_wconf 88' lang='lat' dir='ltr'><strong>de</strong></span> <span class='ocrx_word' id='word_1_5' title='bbox 440 206 488 247; x_wconf 80' lang='lat' dir='ltr'><strong>iis,</strong></span> <span class='ocrx_word' id='word_1_6' title='bbox 513 215 595 247; x_wconf 88' lang='lat' dir='ltr'><strong>quae</strong></span> <span class='ocrx_word' id='word_1_7' title='bbox 608 205 757 236; x_wconf 83' lang='lat' dir='ltr'><strong>Reiskius</strong></span> <span class='ocrx_word' id='word_1_8' title='bbox 770 204 924 241; x_wconf 85' lang='lat' dir='ltr'><strong>retulerit,</strong></span> <span class='ocrx_word' id='word_1_9' title='bbox 947 212 1020 232; x_wconf 87' lang='lat' dir='ltr'><strong>num</strong></span> <span class='ocrx_word' id='word_1_10' title='bbox 1035 208 1186 233; x_wconf 85' lang='lat' dir='ltr'><strong>accurata</strong></span> <span class='ocrx_word' id='word_1_11' title='bbox 1202 203 1274 242; x_wconf 87' lang='lat' dir='ltr'><strong>sint,</strong></span> <span class='ocrx_word' id='word_1_12' title='bbox 1298 200 1529 242; x_wconf 87' lang='lat' dir='ltr'><strong>quodammodo</strong></span> <span class='ocrx_word' id='word_1_13' title='bbox 1545 199 1688 231; x_wconf 78' lang='lat' dir='ltr'><strong>dubitare</strong></span> <span class='ocrx_word' id='word_1_14' title='bbox 1700 200 1783 231; x_wconf 83' lang='lat' dir='ltr'><strong>licet.</strong></span> <span class='ocrx_word' id='word_1_15' title='bbox 1806 200 1997 236; x_wconf 69' lang='lat' dir='ltr'><strong>Tebrisium2</strong></span> 
     </span>
     <span class='ocr_line' id='line_1_3' title="bbox 194 255 1880 302; baseline -0.005 -8"><span class='ocrx_word' id='word_1_16' title='bbox 194 263 394 295; x_wconf 69' lang='lat' dir='ltr'><strong>Abu-l’Ahla</strong></span> <span class='ocrx_word' id='word_1_17' title='bbox 417 262 571 302; x_wconf 88' lang='lat' dir='ltr'><strong>magistro</strong></span> <span class='ocrx_word' id='word_1_18' title='bbox 595 260 754 299; x_wconf 73' lang='lat' dir='ltr'><strong>audiente,</strong></span> <span class='ocrx_word' id='word_1_19' title='bbox 780 259 942 288; x_wconf 75' lang='lat' dir='ltr'><strong>{lamasae</strong></span> <span class='ocrx_word' id='word_1_20' title='bbox 965 258 1101 287; x_wconf 86' lang='lat' dir='ltr'><strong>carmina</strong></span> <span class='ocrx_word' id='word_1_21' title='bbox 1126 258 1254 296; x_wconf 79' lang='lat' dir='ltr'><strong>legisse,</strong></span> <span class='ocrx_word' id='word_1_22' title='bbox 1279 261 1371 290; x_wconf 81' lang='lat' dir='ltr'><strong>extra</strong></span> <span class='ocrx_word' id='word_1_23' title='bbox 1395 266 1487 285; x_wconf 91' lang='lat' dir='ltr'><strong>omne</strong></span> <span class='ocrx_word' id='word_1_24' title='bbox 1510 255 1636 285; x_wconf 89' lang='lat' dir='ltr'><strong>dubium</strong></span> <span class='ocrx_word' id='word_1_25' title='bbox 1660 255 1797 294; x_wconf 89' lang='lat' dir='ltr'><strong>positum</strong></span> <span class='ocrx_word' id='word_1_26' title='bbox 1821 259 1880 286; x_wconf 65' lang='lat' dir='ltr'><strong>est.</strong></span> 
     </span>
    </p>

    <p class='ocr_par' dir='ltr' id='par_1_3' title="bbox 196 307 2000 465">
     <span class='ocr_line' id='line_1_4' title="bbox 278 307 1999 354; baseline -0.005 -9"><span class='ocrx_word' id='word_1_27' title='bbox 278 316 358 345; x_wconf 82' lang='lat' dir='ltr'><strong>Post</strong></span> <span class='ocrx_word' id='word_1_28' title='bbox 382 315 480 354; x_wconf 91' lang='lat' dir='ltr'><strong>ipsius</strong></span> <span class='ocrx_word' id='word_1_29' title='bbox 504 314 638 344; x_wconf 83' lang='lat' dir='ltr'><strong>&#39;l&#39;ebrisii</strong></span> <span class='ocrx_word' id='word_1_30' title='bbox 661 318 784 351; x_wconf 87' lang='lat' dir='ltr'><strong>tempus</strong></span> <span class='ocrx_word' id='word_1_31' title='bbox 808 312 894 340; x_wconf 80' lang='lat' dir='ltr'><strong>viros</strong></span> <span class='ocrx_word' id='word_1_32' title='bbox 919 309 1032 339; x_wconf 79' lang='lat' dir='ltr'><strong>doctos</strong></span> <span class='ocrx_word' id='word_1_33' title='bbox 1056 310 1219 340; x_wconf 70' lang='lat' dir='ltr'><strong>[lamasae</strong></span> <span class='ocrx_word' id='word_1_34' title='bbox 1243 319 1339 348; x_wconf 85' lang='lat' dir='ltr'><strong>opere</strong></span> <span class='ocrx_word' id='word_1_35' title='bbox 1363 309 1787 348; x_wconf 56' lang='lat' dir='ltr'><strong>interpretando,occupatos</strong></span> <span class='ocrx_word' id='word_1_36' title='bbox 1810 307 1923 346; x_wconf 81' lang='lat' dir='ltr'><strong>fuisse,</strong></span> <span class='ocrx_word' id='word_1_37' title='bbox 1936 307 1999 337; x_wconf 84' lang='lat' dir='ltr'><strong>sci-</strong></span> 
     </span>
     <span class='ocr_line' id='line_1_5' title="bbox 196 360 2000 403; baseline -0.007 -1"><span class='ocrx_word' id='word_1_38' title='bbox 196 381 274 401; x_wconf 88' lang='lat' dir='ltr'><strong>mus.</strong></span> <span class='ocrx_word' id='word_1_39' title='bbox 318 370 377 400; x_wconf 81' lang='lat' dir='ltr'><strong>Vir</strong></span> <span class='ocrx_word' id='word_1_40' title='bbox 399 370 514 400; x_wconf 89' lang='lat' dir='ltr'><strong>doctus</strong></span> <span class='ocrx_word' id='word_1_41' title='bbox 528 367 728 398; x_wconf 73' lang='lat' dir='ltr'><strong>Abu-l‘Baka</strong></span> <span class='ocrx_word' id='word_1_42' title='bbox 746 366 895 396; x_wconf 81' lang='lat' dir='ltr'><strong>charita</strong></span> <span class='ocrx_word' id='word_1_43' title='bbox 917 362 1060 403; x_wconf 83' lang='lat' dir='ltr'><strong>Bagdadi</strong></span> <span class='ocrx_word' id='word_1_44' title='bbox 1077 373 1158 393; x_wconf 86' lang='lat' dir='ltr'><strong>auno</strong></span> <span class='ocrx_word' id='word_1_45' title='bbox 1181 362 1242 392; x_wconf 71' lang='lat'><strong>538</strong></span> <span class='ocrx_word' id='word_1_46' title='bbox 1265 367 1357 395; x_wconf 83' lang='lat' dir='ltr'><strong>natus</strong></span> <span class='ocrx_word' id='word_1_47' title='bbox 1373 363 1478 402; x_wconf 82' lang='lat' dir='ltr'>ibique</span> <span class='ocrx_word' id='word_1_48' title='bbox 1490 371 1572 393; x_wconf 85' lang='lat' dir='ltr'><strong>anuo</strong></span> <span class='ocrx_word' id='word_1_49' title='bbox 1595 362 1657 392; x_wconf 87' lang='grc'><strong>616</strong></span> <span class='ocrx_word' id='word_1_50' title='bbox 1679 366 1821 391; x_wconf 89' lang='lat' dir='ltr'><strong>mortuus</strong></span> <span class='ocrx_word' id='word_1_51' title='bbox 1837 360 2000 390; x_wconf 66' lang='lat' dir='ltr'><strong>Hamasae</strong></span> 
     </span>
     <span class='ocr_line' id='line_1_6' title="bbox 197 423 841 465; baseline -0.009 -10"><span class='ocrx_word' id='word_1_52' title='bbox 197 434 279 465; x_wconf 88' lang='lat' dir='ltr'><strong>opus</strong></span> <span class='ocrx_word' id='word_1_53' title='bbox 303 424 512 464; x_wconf 76' lang='lat' dir='ltr'><strong>grammatiOe</strong></span> <span class='ocrx_word' id='word_1_54' title='bbox 534 423 758 462; x_wconf 84' lang='lat' dir='ltr'><strong>interpretatus</strong></span> <span class='ocrx_word' id='word_1_55' title='bbox 782 425 841 450; x_wconf 85' lang='lat' dir='ltr'><strong>est.</strong></span> 
     </span>
    </p>
   </div>
   <div class='ocr_carea' id='block_1_3' title="bbox 197 482 2004 748">
    <p class='ocr_par' dir='ltr' id='par_1_4' title="bbox 197 482 2004 748">
     <span class='ocr_line' id='line_1_7' title="bbox 278 482 1999 529; baseline -0.006 -8"><span class='ocrx_word' id='word_1_56' title='bbox 278 490 345 521; x_wconf 88' lang='lat' dir='ltr'><strong>Sed</strong></span> <span class='ocrx_word' id='word_1_57' title='bbox 366 490 405 519; x_wconf 89' lang='lat' dir='ltr'><strong>de</strong></span> <span class='ocrx_word' id='word_1_58' title='bbox 428 490 525 529; x_wconf 88' lang='lat' dir='ltr'><strong>ipsius</strong></span> <span class='ocrx_word' id='word_1_59' title='bbox 538 488 672 518; x_wconf 74' lang='lat' dir='ltr'><strong>&#39;l&#39;ebrisii</strong></span> <span class='ocrx_word' id='word_1_60' title='bbox 697 495 833 525; x_wconf 87' lang='lat' dir='ltr'><strong>persona</strong></span> <span class='ocrx_word' id='word_1_61' title='bbox 858 483 1146 522; x_wconf 85' lang='lat' dir='ltr'><strong>commentarioque</strong></span> <span class='ocrx_word' id='word_1_62' title='bbox 1170 482 1309 522; x_wconf 87' lang='lat' dir='ltr'><strong>pluribus</strong></span> <span class='ocrx_word' id='word_1_63' title='bbox 1330 482 1498 521; x_wconf 81' lang='lat' dir='ltr'><strong>disserere,</strong></span> <span class='ocrx_word' id='word_1_64' title='bbox 1519 483 1732 522; x_wconf 88' lang='lat' dir='ltr'><strong>supersedere</strong></span> <span class='ocrx_word' id='word_1_65' title='bbox 1753 482 1836 513; x_wconf 83' lang='lat' dir='ltr'><strong>haud</strong></span> <span class='ocrx_word' id='word_1_66' title='bbox 1858 490 1999 522; x_wconf 88' lang='lat' dir='ltr'><strong>possum.</strong></span> 
     </span>
     <span class='ocr_line' id='line_1_8' title="bbox 197 536 2001 582; baseline -0.005 -8"><span class='ocrx_word' id='word_1_67' title='bbox 197 543 443 582; x_wconf 82' lang='lat' dir='ltr'><strong>Abu-Sicrijjah</strong></span> <span class='ocrx_word' id='word_1_68' title='bbox 466 541 563 580; x_wconf 80' lang='lat' dir='ltr'><strong>,Jahja</strong></span> <span class='ocrx_word' id='word_1_69' title='bbox 588 541 615 571; x_wconf 83' lang='lat' dir='ltr'><strong>b.</strong></span> <span class='ocrx_word' id='word_1_70' title='bbox 639 539 711 569; x_wconf 88' lang='lat' dir='ltr'><strong>Ahli</strong></span> <span class='ocrx_word' id='word_1_71' title='bbox 735 539 762 570; x_wconf 74' lang='lat' dir='ltr'><strong>b.</strong></span> <span class='ocrx_word' id='word_1_72' title='bbox 785 537 990 569; x_wconf 87' lang='lat' dir='ltr'><strong>Mohammed</strong></span> <span class='ocrx_word' id='word_1_73' title='bbox 1018 537 1048 567; x_wconf 83' lang='lat' dir='ltr'><strong>b.</strong></span> <span class='ocrx_word' id='word_1_74' title='bbox 1072 537 1215 566; x_wconf 85' lang='lat' dir='ltr'><strong>Alhasan</strong></span> <span class='ocrx_word' id='word_1_75' title='bbox 1238 537 1266 566; x_wconf 90' lang='lat' dir='ltr'><strong>b.</strong></span> <span class='ocrx_word' id='word_1_76' title='bbox 1290 536 1432 566; x_wconf 88' lang='lat' dir='ltr'><strong>Bistham</strong></span> <span class='ocrx_word' id='word_1_77' title='bbox 1457 547 1474 565; x_wconf 92' lang='lat' dir='ltr'><strong>e</strong></span> <span class='ocrx_word' id='word_1_78' title='bbox 1491 542 1588 577; x_wconf 79' lang='lat' dir='ltr'><strong>gente</strong></span> <span class='ocrx_word' id='word_1_79' title='bbox 1611 538 1772 568; x_wconf 88' lang='lat' dir='ltr'><strong>Schaiban</strong></span> <span class='ocrx_word' id='word_1_80' title='bbox 1795 537 1947 567; x_wconf 87' lang='lat' dir='ltr'><strong>oriundus</strong></span> <span class='ocrx_word' id='word_1_81' title='bbox 1970 536 2001 565; x_wconf 88' lang='lat' dir='ltr'><strong>in</strong></span> 
     </span>
     <span class='ocr_line' id='line_1_9' title="bbox 198 591 2001 639; baseline -0.006 -10"><span class='ocrx_word' id='word_1_82' title='bbox 198 599 312 639; x_wconf 91' lang='lat' dir='ltr'><strong>oppido</strong></span> <span class='ocrx_word' id='word_1_83' title='bbox 334 598 446 628; x_wconf 73' lang='lat' dir='ltr'><strong>&#39;l‘ebris</strong></span> <span class='ocrx_word' id='word_1_84' title='bbox 464 605 544 625; x_wconf 89' lang='lat' dir='ltr'><strong>anno</strong></span> <span class='ocrx_word' id='word_1_85' title='bbox 570 595 627 624; x_wconf 76' lang='lat'><strong>421</strong></span> <span class='ocrx_word' id='word_1_86' title='bbox 649 598 752 629; x_wconf 77' lang='lat' dir='ltr'><strong>natus,</strong></span> <span class='ocrx_word' id='word_1_87' title='bbox 778 597 892 632; x_wconf 85' lang='lat' dir='ltr'><strong>postea</strong></span> <span class='ocrx_word' id='word_1_88' title='bbox 913 591 1103 630; x_wconf 82' lang='lat' dir='ltr'><strong>cognomine</strong></span> <span class='ocrx_word' id='word_1_89' title='bbox 1126 591 1300 621; x_wconf 85' lang='lat' dir='ltr'><strong>honorifico</strong></span> <span class='ocrx_word' id='word_1_90' title='bbox 1322 591 1489 621; x_wconf 84' lang='lat' dir='ltr'><strong>Alehathib</strong></span> <span class='ocrx_word' id='word_1_91' title='bbox 1513 593 1749 627; x_wconf 78' lang='lat' dir='ltr'><strong>(concionator)</strong></span> <span class='ocrx_word' id='word_1_92' title='bbox 1773 596 1866 620; x_wconf 87' lang='lat' dir='ltr'><strong>notus</strong></span> <span class='ocrx_word' id='word_1_93' title='bbox 1891 599 2001 630; x_wconf 86' lang='lat' dir='ltr'><strong>gram-</strong></span> 
     </span>
     <span class='ocr_line' id='line_1_10' title="bbox 198 643 2004 686; baseline -0.005 -4"><span class='ocrx_word' id='word_1_94' title='bbox 198 653 330 683; x_wconf 87' lang='lat' dir='ltr'><strong>matices</strong></span> <span class='ocrx_word' id='word_1_95' title='bbox 354 651 495 681; x_wconf 77' lang='lat' dir='ltr'><strong>doctrina</strong></span> <span class='ocrx_word' id='word_1_96' title='bbox 518 651 623 680; x_wconf 84' lang='lat' dir='ltr'><strong>clarus</strong></span> <span class='ocrx_word' id='word_1_97' title='bbox 647 653 723 678; x_wconf 88' lang='lat' dir='ltr'><strong>erat.</strong></span> <span class='ocrx_word' id='word_1_98' title='bbox 748 649 781 677; x_wconf 85' lang='lat' dir='ltr'><strong>In</strong></span> <span class='ocrx_word' id='word_1_99' title='bbox 805 648 1015 686; x_wconf 87' lang='lat' dir='ltr'><strong>grammatica</strong></span> <span class='ocrx_word' id='word_1_100' title='bbox 1038 646 1201 686; x_wconf 76' lang='lat' dir='ltr'><strong>magistris</strong></span> <span class='ocrx_word' id='word_1_101' title='bbox 1216 646 1427 675; x_wconf 74' lang='lat' dir='ltr'><strong>celeberrimis</strong></span> <span class='ocrx_word' id='word_1_102' title='bbox 1452 643 1655 676; x_wconf 82' lang='lat' dir='ltr'><strong>Abu-l’Ahla</strong></span> <span class='ocrx_word' id='word_1_103' title='bbox 1678 645 1887 683; x_wconf 82' lang='lat' dir='ltr'><strong>Maabrrensi,</strong></span> <span class='ocrx_word' id='word_1_104' title='bbox 1912 645 2004 674; x_wconf 90' lang='lat' dir='ltr'><strong>Abu-</strong></span> 
     </span>
     <span class='ocr_line' id='line_1_11' title="bbox 199 699 2002 748; baseline -0.008 -12"><span class='ocrx_word' id='word_1_105' title='bbox 199 705 340 737; x_wconf 72' lang='lat' dir='ltr'><strong>rKasem</strong></span> <span class='ocrx_word' id='word_1_106' title='bbox 364 702 626 735; x_wconf 83' lang='lat' dir='ltr'><strong>Ohbaid-Allaho</strong></span> <span class='ocrx_word' id='word_1_107' title='bbox 649 702 810 732; x_wconf 87' lang='lat' dir='ltr'><strong>Raccensi</strong></span> <span class='ocrx_word' id='word_1_108' title='bbox 832 705 864 730; x_wconf 85' lang='lat' dir='ltr'><strong>et</strong></span> <span class='ocrx_word' id='word_1_109' title='bbox 887 700 1210 730; x_wconf 85' lang='lat' dir='ltr'><strong>Abu-Mohammede</strong></span> <span class='ocrx_word' id='word_1_110' title='bbox 1233 699 1399 730; x_wconf 84' lang='lat' dir='ltr'><strong>Aldahhan</strong></span> <span class='ocrx_word' id='word_1_111' title='bbox 1423 701 1560 748; x_wconf 55' lang='grc' dir='ltr'><strong>(Οἱφκλᾶς</strong></span> <span class='ocrx_word' id='word_1_112' title='bbox 1585 703 1683 731; x_wconf 82' lang='lat' dir='ltr'><strong>oleum</strong></span> <span class='ocrx_word' id='word_1_113' title='bbox 1698 700 1860 737; x_wconf 85' lang='lat' dir='ltr'><strong>vendens)</strong></span> <span class='ocrx_word' id='word_1_114' title='bbox 1876 699 2002 730; x_wconf 75' lang='lat' dir='ltr'><strong>lexico..</strong></span> 
     </span>
    </p>
   </div>
   <div class='ocr_carea' id='block_1_4' title="bbox 198 757 2061 2569">
    <p class='ocr_par' dir='ltr' id='par_1_5' title="bbox 198 757 2061 1926">
     <span class='ocr_line' id='line_1_12' title="bbox 199 757 2002 804; baseline -0.004 -11"><span class='ocrx_word' id='word_1_115' title='bbox 199 763 337 804; x_wconf 84' lang='lat' dir='ltr'><strong>grapho;</strong></span> <span class='ocrx_word' id='word_1_116' title='bbox 378 764 406 792; x_wconf 89' lang='lat' dir='ltr'><strong>in</strong></span> <span class='ocrx_word' id='word_1_117' title='bbox 436 761 635 792; x_wconf 79' lang='lat' dir='ltr'><strong>traditionum</strong></span> <span class='ocrx_word' id='word_1_118' title='bbox 667 762 801 790; x_wconf 82' lang='lat' dir='ltr'><strong>scientia</strong></span> <span class='ocrx_word' id='word_1_119' title='bbox 830 761 860 791; x_wconf 90' lang='lat' dir='ltr'><strong>in</strong></span> <span class='ocrx_word' id='word_1_120' title='bbox 890 760 1005 800; x_wconf 89' lang='lat' dir='ltr'><strong>oppido</strong></span> <span class='ocrx_word' id='word_1_121' title='bbox 1039 761 1126 800; x_wconf 76' lang='lat' dir='ltr'><strong>&#39;l&#39;yro</strong></span> <span class='ocrx_word' id='word_1_122' title='bbox 1155 759 1383 791; x_wconf 84' lang='lat' dir='ltr'><strong>iurisconsulto</strong></span> <span class='ocrx_word' id='word_1_123' title='bbox 1413 759 1632 790; x_wconf 72' lang='lat' dir='ltr'><strong>Abu-l&#39;Fatho</strong></span> <span class='ocrx_word' id='word_1_124' title='bbox 1663 760 1824 790; x_wconf 85' lang='lat' dir='ltr'><strong>Solaiman</strong></span> <span class='ocrx_word' id='word_1_125' title='bbox 1856 759 1882 787; x_wconf 89' lang='lat' dir='ltr'><strong>b.</strong></span> <span class='ocrx_word' id='word_1_126' title='bbox 1912 757 2002 796; x_wconf 81' lang='lat' dir='ltr'><strong>Jjjub</strong></span> 
     </span>
     <span class='ocr_line' id='line_1_13' title="bbox 198 810 2001 855; baseline -0.003 -8"><span class='ocrx_word' id='word_1_127' title='bbox 198 810 305 848; x_wconf 76' lang='lat' dir='ltr'><strong>Ali-asi</strong></span> <span class='ocrx_word' id='word_1_128' title='bbox 329 817 365 855; x_wconf 88' lang='lat' dir='ltr'><strong>(e</strong></span> <span class='ocrx_word' id='word_1_129' title='bbox 388 818 455 846; x_wconf 91' lang='lat' dir='ltr'><strong>loco</strong></span> <span class='ocrx_word' id='word_1_130' title='bbox 486 816 660 846; x_wconf 79' lang='lat' dir='ltr'><strong>Bas-Aihn</strong></span> <span class='ocrx_word' id='word_1_131' title='bbox 692 815 859 853; x_wconf 73' lang='lat' dir='ltr'><strong>oriundo),</strong></span> <span class='ocrx_word' id='word_1_132' title='bbox 892 815 1139 845; x_wconf 71' lang='lat' dir='ltr'><strong>Abu-l&#39;Kasimo</strong></span> <span class='ocrx_word' id='word_1_133' title='bbox 1165 813 1420 843; x_wconf 81' lang='lat' dir='ltr'><strong>Ahbd-Alcarim</strong></span> <span class='ocrx_word' id='word_1_134' title='bbox 1451 814 1479 843; x_wconf 93' lang='lat' dir='ltr'><strong>b.</strong></span> <span class='ocrx_word' id='word_1_135' title='bbox 1506 815 1710 844; x_wconf 88' lang='lat' dir='ltr'><strong>Mohammed</strong></span> <span class='ocrx_word' id='word_1_136' title='bbox 1739 814 1766 846; x_wconf 88' lang='lat' dir='ltr'><strong>b.</strong></span> <span class='ocrx_word' id='word_1_137' title='bbox 1791 812 2001 843; x_wconf 79' lang='lat' dir='ltr'><strong>Ahbd-Allah</strong></span> 
     </span>
     <span class='ocr_line' id='line_1_14' title="bbox 199 865 2003 917; baseline -0.003 -16"><span class='ocrx_word' id='word_1_138' title='bbox 199 871 227 901; x_wconf 89' lang='lat' dir='ltr'><strong>b.</strong></span> <span class='ocrx_word' id='word_1_139' title='bbox 250 871 352 902; x_wconf 89' lang='lat' dir='ltr'><strong>Jusuf</strong></span> <span class='ocrx_word' id='word_1_140' title='bbox 365 869 517 908; x_wconf 79' lang='lat' dir='ltr'><strong>Alsajjari</strong></span> <span class='ocrx_word' id='word_1_141' title='bbox 535 869 706 917; x_wconf 46' lang='lat' dir='ltr'><strong>(oekewdiss)</strong></span> <span class='ocrx_word' id='word_1_142' title='bbox 731 870 936 910; x_wconf 83' lang='lat' dir='ltr'><strong>Bagdadensi</strong></span> <span class='ocrx_word' id='word_1_143' title='bbox 950 874 981 900; x_wconf 84' lang='lat' dir='ltr'><strong>et</strong></span> <span class='ocrx_word' id='word_1_144' title='bbox 994 868 1251 899; x_wconf 65' lang='lat' dir='ltr'><strong>Abu-l&#39;Kasenio</strong></span> <span class='ocrx_word' id='word_1_145' title='bbox 1276 868 1515 898; x_wconf 83' lang='lat' dir='ltr'><strong>Ohbaid-Allah</strong></span> <span class='ocrx_word' id='word_1_146' title='bbox 1540 869 1705 898; x_wconf 76' lang='lat' dir='ltr'><strong>Ebu-Anti</strong></span> <span class='ocrx_word' id='word_1_147' title='bbox 1719 869 1747 898; x_wconf 92' lang='lat' dir='ltr'><strong>b.</strong></span> <span class='ocrx_word' id='word_1_148' title='bbox 1761 865 2003 898; x_wconf 82' lang='lat' dir='ltr'><strong>Ohbaid-Allah</strong></span> 
     </span>
     <span class='ocr_line' id='line_1_15' title="bbox 199 927 2000 969; baseline -0.003 -9"><span class='ocrx_word' id='word_1_149' title='bbox 199 929 357 960; x_wconf 82' lang='lat' dir='ltr'><strong>Raccensi</strong></span> <span class='ocrx_word' id='word_1_150' title='bbox 379 930 509 968; x_wconf 88' lang='lat' dir='ltr'><strong>aliisque</strong></span> <span class='ocrx_word' id='word_1_151' title='bbox 533 928 694 967; x_wconf 82' lang='lat' dir='ltr'><strong>magistris</strong></span> <span class='ocrx_word' id='word_1_152' title='bbox 717 938 794 958; x_wconf 87' lang='lat' dir='ltr'><strong>usus</strong></span> <span class='ocrx_word' id='word_1_153' title='bbox 817 933 875 960; x_wconf 86' lang='lat' dir='ltr'><strong>est.</strong></span> <span class='ocrx_word' id='word_1_154' title='bbox 900 929 1008 958; x_wconf 90' lang='lat' dir='ltr'><strong>Multis</strong></span> <span class='ocrx_word' id='word_1_155' title='bbox 1033 928 1308 968; x_wconf 77' lang='lat' dir='ltr'><strong>celeberrimisque</strong></span> <span class='ocrx_word' id='word_1_156' title='bbox 1332 927 1492 968; x_wconf 63' lang='lat' dir='ltr'><strong>discipulis</strong></span> <span class='ocrx_word' id='word_1_157' title='bbox 1515 929 1652 969; x_wconf 80' lang='lat' dir='ltr'><strong>gavisus</strong></span> <span class='ocrx_word' id='word_1_158' title='bbox 1678 929 1773 958; x_wconf 89' lang='lat' dir='ltr'><strong>multa</strong></span> <span class='ocrx_word' id='word_1_159' title='bbox 1794 937 1888 967; x_wconf 87' lang='lat' dir='ltr'><strong>opera</strong></span> <span class='ocrx_word' id='word_1_160' title='bbox 1910 935 2000 955; x_wconf 84' lang='lat' dir='ltr'><strong>com—</strong></span> 
     </span>
     <span class='ocr_line' id='line_1_16' title="bbox 201 982 2002 1023; baseline -0.001 -10"><span class='ocrx_word' id='word_1_161' title='bbox 201 984 317 1023; x_wconf 81' lang='lat' dir='ltr'><strong>posuit,</strong></span> <span class='ocrx_word' id='word_1_162' title='bbox 343 992 423 1023; x_wconf 85' lang='lat' dir='ltr'><strong>quae</strong></span> <span class='ocrx_word' id='word_1_163' title='bbox 448 983 613 1022; x_wconf 81' lang='lat' dir='ltr'><strong>sequentia</strong></span> <span class='ocrx_word' id='word_1_164' title='bbox 628 982 695 1012; x_wconf 86' lang='lat' dir='ltr'><strong>Ebn</strong></span> <span class='ocrx_word' id='word_1_165' title='bbox 709 982 918 1012; x_wconf 80' lang='lat' dir='ltr'><strong>Challikanus</strong></span> <span class='ocrx_word' id='word_1_166' title='bbox 937 984 1137 1012; x_wconf 84' lang='lat' dir='ltr'><strong>enumeravit</strong></span> <span class='ocrx_word' id='word_1_167' title='bbox 1163 982 1197 1021; x_wconf 88' lang='lat'><strong>1)</strong></span> <span class='ocrx_word' id='word_1_168' title='bbox 1223 983 1492 1014; x_wconf 82' lang='lat' dir='ltr'><strong>Commentarium</strong></span> <span class='ocrx_word' id='word_1_169' title='bbox 1517 984 1544 1013; x_wconf 93' lang='lat' dir='ltr'><strong>in</strong></span> <span class='ocrx_word' id='word_1_170' title='bbox 1569 984 1731 1014; x_wconf 69' lang='lat' dir='ltr'><strong>[lamasae</strong></span> <span class='ocrx_word' id='word_1_171' title='bbox 1746 994 1825 1023; x_wconf 92' lang='lat' dir='ltr'><strong>opus</strong></span> <span class='ocrx_word' id='word_1_172' title='bbox 1850 983 2002 1022; x_wconf 82' lang='lat' dir='ltr'><strong>triplicem</strong></span> 
     </span>
     <span class='ocr_line' id='line_1_17' title="bbox 201 1036 2003 1076; baseline -0.002 -7"><span class='ocrx_word' id='word_1_173' title='bbox 201 1038 237 1076; x_wconf 85' lang='lat' dir='ltr'><strong>a)</strong></span> <span class='ocrx_word' id='word_1_174' title='bbox 256 1041 406 1068; x_wconf 81' lang='lat' dir='ltr'><strong>minorem</strong></span> <span class='ocrx_word' id='word_1_175' title='bbox 429 1038 466 1075; x_wconf 88' lang='lat' dir='ltr'><strong>b)</strong></span> <span class='ocrx_word' id='word_1_176' title='bbox 481 1037 616 1066; x_wconf 89' lang='lat' dir='ltr'><strong>medium</strong></span> <span class='ocrx_word' id='word_1_177' title='bbox 642 1037 677 1075; x_wconf 83' lang='lat' dir='ltr'><strong>c)</strong></span> <span class='ocrx_word' id='word_1_178' title='bbox 697 1038 845 1067; x_wconf 84' lang='lat' dir='ltr'><strong>maiorem</strong></span> <span class='ocrx_word' id='word_1_179' title='bbox 869 1038 903 1071; x_wconf 77' lang='lat'><strong>2)</strong></span> <span class='ocrx_word' id='word_1_180' title='bbox 919 1036 1194 1067; x_wconf 87' lang='lat' dir='ltr'><strong>Commentarium</strong></span> <span class='ocrx_word' id='word_1_181' title='bbox 1210 1040 1241 1068; x_wconf 90' lang='lat' dir='ltr'><strong>in</strong></span> <span class='ocrx_word' id='word_1_182' title='bbox 1259 1040 1398 1067; x_wconf 79' lang='lat' dir='ltr'><strong>carmina</strong></span> <span class='ocrx_word' id='word_1_183' title='bbox 1418 1039 1613 1068; x_wconf 86' lang='lat' dir='ltr'><strong>Motenabbii</strong></span> <span class='ocrx_word' id='word_1_184' title='bbox 1635 1038 1671 1074; x_wconf 83' lang='lat'><strong>3)</strong></span> <span class='ocrx_word' id='word_1_185' title='bbox 1687 1038 1956 1069; x_wconf 87' lang='lat' dir='ltr'><strong>Commentarium</strong></span> <span class='ocrx_word' id='word_1_186' title='bbox 1972 1037 2003 1067; x_wconf 90' lang='lat' dir='ltr'><strong>in</strong></span> 
     </span>
     <span class='ocr_line' id='line_1_18' title="bbox 201 1091 2005 1143; baseline -0.001 -21"><span class='ocrx_word' id='word_1_187' title='bbox 201 1093 337 1123; x_wconf 87' lang='lat' dir='ltr'><strong>carmina</strong></span> <span class='ocrx_word' id='word_1_188' title='bbox 348 1091 568 1122; x_wconf 67' lang='lat' dir='ltr'><strong>Abu-l‘Ahlae</strong></span> <span class='ocrx_word' id='word_1_189' title='bbox 581 1093 708 1143; x_wconf 50' lang='lat'><strong>⁰⁴⁸*³5”</strong></span> <span class='ocrx_word' id='word_1_190' title='bbox 727 1094 857 1128; x_wconf 59' lang='lat' dir='ltr'><strong>„iz-§.m</strong></span> <span class='ocrx_word' id='word_1_191' title='bbox 876 1093 1027 1131; x_wconf 87' lang='lat' dir='ltr'><strong>inscripta</strong></span> <span class='ocrx_word' id='word_1_192' title='bbox 1055 1095 1088 1126; x_wconf 71' lang='lat'><strong>4)</strong></span> <span class='ocrx_word' id='word_1_193' title='bbox 1114 1091 1382 1121; x_wconf 76' lang='lat' dir='ltr'><strong>commentarium</strong></span> <span class='ocrx_word' id='word_1_194' title='bbox 1408 1093 1436 1122; x_wconf 91' lang='lat' dir='ltr'><strong>in</strong></span> <span class='ocrx_word' id='word_1_195' title='bbox 1463 1097 1586 1131; x_wconf 80' lang='lat' dir='ltr'><strong>septem</strong></span> <span class='ocrx_word' id='word_1_196' title='bbox 1613 1094 1752 1122; x_wconf 89' lang='lat' dir='ltr'><strong>carmina</strong></span> <span class='ocrx_word' id='word_1_197' title='bbox 1775 1093 2005 1122; x_wconf 85' lang='lat' dir='ltr'><strong>Moallakat</strong></span> 
     </span>
     <span class='ocr_line' id='line_1_19' title="bbox 201 1144 2005 1202; baseline -0.002 -19"><span class='ocrx_word' id='word_1_198' title='bbox 201 1154 356 1193; x_wconf 84' lang='lat' dir='ltr'><strong>appellata</strong></span> <span class='ocrx_word' id='word_1_199' title='bbox 373 1154 408 1189; x_wconf 85' lang='lat'><strong>5)</strong></span> <span class='ocrx_word' id='word_1_200' title='bbox 420 1152 689 1183; x_wconf 85' lang='lat' dir='ltr'><strong>Commentarium</strong></span> <span class='ocrx_word' id='word_1_201' title='bbox 703 1152 731 1180; x_wconf 93' lang='lat' dir='ltr'><strong>in</strong></span> <span class='ocrx_word' id='word_1_202' title='bbox 746 1154 884 1181; x_wconf 85' lang='lat' dir='ltr'><strong>carmina</strong></span> <span class='ocrx_word' id='word_1_203' title='bbox 896 1152 1048 1191; x_wconf 33' lang='lat' dir='ltr'><strong>eat-,imin</strong></span> <span class='ocrx_word' id='word_1_204' title='bbox 1066 1151 1216 1190; x_wconf 87' lang='lat' dir='ltr'><strong>inscripta</strong></span> <span class='ocrx_word' id='word_1_205' title='bbox 1232 1151 1265 1185; x_wconf 89' lang='lat'><strong>6)</strong></span> <span class='ocrx_word' id='word_1_206' title='bbox 1283 1151 1412 1181; x_wconf 82' lang='lat' dir='ltr'><strong>Librum</strong></span> <span class='ocrx_word' id='word_1_207' title='bbox 1432 1152 1617 1190; x_wconf 88' lang='lat' dir='ltr'><strong>inscriptum</strong></span> <span class='ocrx_word' id='word_1_208' title='bbox 1631 1144 1766 1192; x_wconf 45' lang='lat' dir='ltr'><strong>ngi</strong></span> <span class='ocrx_word' id='word_1_209' title='bbox 1781 1147 2005 1202; x_wconf 42' lang='lat' dir='ltr'><strong>-fetssszfisz-&#39;J</strong></span> 
     </span>
     <span class='ocr_line' id='line_1_20' title="bbox 201 1209 2006 1266; baseline -0.002 -22"><span class='ocrx_word' id='word_1_210' title='bbox 201 1215 238 1251; x_wconf 83' lang='lat'><strong>7)</strong></span> <span class='ocrx_word' id='word_1_211' title='bbox 247 1215 375 1244; x_wconf 84' lang='lat' dir='ltr'><strong>Librum</strong></span> <span class='ocrx_word' id='word_1_212' title='bbox 389 1214 571 1253; x_wconf 84' lang='lat' dir='ltr'><strong>inscriptum</strong></span> <span class='ocrx_word' id='word_1_213' title='bbox 587 1211 703 1246; x_wconf 42' lang='lat' dir='ltr'><strong>„abab</strong></span> <span class='ocrx_word' id='word_1_214' title='bbox 716 1211 808 1266; x_wconf 34' lang='lat' dir='ltr'><strong>admi</strong></span> <span class='ocrx_word' id='word_1_215' title='bbox 820 1217 944 1254; x_wconf 39' lang='grc' dir='ltr'>ψὲκλμί</span> <span class='ocrx_word' id='word_1_216' title='bbox 960 1211 994 1245; x_wconf 82' lang='lat' dir='ltr'><strong>S]</strong></span> <span class='ocrx_word' id='word_1_217' title='bbox 1006 1209 1241 1240; x_wconf 77' lang='lat' dir='ltr'><strong>Praefationem</strong></span> <span class='ocrx_word' id='word_1_218' title='bbox 1252 1210 1280 1239; x_wconf 94' lang='lat' dir='ltr'><strong>in</strong></span> <span class='ocrx_word' id='word_1_219' title='bbox 1293 1211 1534 1251; x_wconf 71' lang='lat' dir='ltr'><strong>grammaticam</strong></span> <span class='ocrx_word' id='word_1_220' title='bbox 1551 1211 1680 1256; x_wconf 45' lang='lat'><strong>(9535</strong></span> <span class='ocrx_word' id='word_1_221' title='bbox 1693 1213 1865 1253; x_wconf 44' lang='grc' dir='ltr'><strong>ὅζὲιοκλέὶιο),</strong></span> <span class='ocrx_word' id='word_1_222' title='bbox 1891 1211 1920 1240; x_wconf 89' lang='lat' dir='ltr'><strong>in</strong></span> <span class='ocrx_word' id='word_1_223' title='bbox 1943 1220 2006 1250; x_wconf 90' lang='lat' dir='ltr'><strong>qua</strong></span> 
     </span>
     <span class='ocr_line' id='line_1_21' title="bbox 203 1269 2004 1317; baseline -0.001 -14"><span class='ocrx_word' id='word_1_224' title='bbox 203 1274 278 1303; x_wconf 83' lang='lat' dir='ltr'><strong>artis</strong></span> <span class='ocrx_word' id='word_1_225' title='bbox 295 1273 520 1313; x_wconf 78' lang='lat' dir='ltr'><strong>grammaticae</strong></span> <span class='ocrx_word' id='word_1_226' title='bbox 548 1276 674 1302; x_wconf 84' lang='lat' dir='ltr'><strong>secreta</strong></span> <span class='ocrx_word' id='word_1_227' title='bbox 697 1272 865 1301; x_wconf 81' lang='lat' dir='ltr'><strong>detexisse</strong></span> <span class='ocrx_word' id='word_1_228' title='bbox 895 1271 1009 1301; x_wconf 88' lang='lat' dir='ltr'><strong>dicitur</strong></span> <span class='ocrx_word' id='word_1_229' title='bbox 1033 1271 1068 1307; x_wconf 85' lang='lat'><strong>9]</strong></span> <span class='ocrx_word' id='word_1_230' title='bbox 1095 1270 1225 1300; x_wconf 87' lang='lat' dir='ltr'><strong>Librum</strong></span> <span class='ocrx_word' id='word_1_231' title='bbox 1248 1269 1287 1299; x_wconf 89' lang='lat' dir='ltr'><strong>de</strong></span> <span class='ocrx_word' id='word_1_232' title='bbox 1310 1280 1344 1299; x_wconf 88' lang='lat' dir='ltr'><strong>re</strong></span> <span class='ocrx_word' id='word_1_233' title='bbox 1367 1271 1498 1300; x_wconf 86' lang='lat' dir='ltr'><strong>metrica</strong></span> <span class='ocrx_word' id='word_1_234' title='bbox 1518 1270 1630 1313; x_wconf 41' lang='grc' dir='ltr'><strong>δῷς,</strong></span> <span class='ocrx_word' id='word_1_235' title='bbox 1643 1270 1761 1317; x_wconf 60' lang='lat' dir='ltr'><strong>02:952ss</strong></span> <span class='ocrx_word' id='word_1_236' title='bbox 1782 1271 1862 1311; x_wconf 44' lang='lat' dir='ltr'><strong>sah:</strong></span> <span class='ocrx_word' id='word_1_237' title='bbox 1878 1270 2004 1310; x_wconf 58' lang='lat' dir='ltr'><strong>ggffli</strong></span> 
     </span>
     <span class='ocr_line' id='line_1_22' title="bbox 203 1329 2006 1378; baseline -0.001 -18"><span class='ocrx_word' id='word_1_238' title='bbox 203 1332 389 1371; x_wconf 84' lang='lat' dir='ltr'><strong>inscriptum</strong></span> <span class='ocrx_word' id='word_1_239' title='bbox 415 1331 470 1366; x_wconf 88' lang='grc'><strong>10)</strong></span> <span class='ocrx_word' id='word_1_240' title='bbox 485 1331 614 1360; x_wconf 84' lang='lat' dir='ltr'><strong>Librum</strong></span> <span class='ocrx_word' id='word_1_241' title='bbox 634 1330 673 1360; x_wconf 89' lang='lat' dir='ltr'><strong>de</strong></span> <span class='ocrx_word' id='word_1_242' title='bbox 689 1332 898 1371; x_wconf 84' lang='lat' dir='ltr'><strong>grammatica</strong></span> <span class='ocrx_word' id='word_1_243' title='bbox 923 1331 1049 1378; x_wconf 37' lang='lat'><strong>(4³:²5)</strong></span> <span class='ocrx_word' id='word_1_244' title='bbox 1068 1330 1182 1360; x_wconf 88' lang='lat' dir='ltr'><strong>Corani</strong></span> <span class='ocrx_word' id='word_1_245' title='bbox 1197 1329 1375 1375; x_wconf 43' lang='lat' dir='ltr'><strong>(Qssitdl)</strong></span> <span class='ocrx_word' id='word_1_246' title='bbox 1390 1334 1521 1370; x_wconf 85' lang='lat' dir='ltr'><strong>quatuor</strong></span> <span class='ocrx_word' id='word_1_247' title='bbox 1537 1329 1630 1359; x_wconf 88' lang='lat' dir='ltr'><strong>tomis</strong></span> <span class='ocrx_word' id='word_1_248' title='bbox 1643 1334 1840 1359; x_wconf 79' lang='lat' dir='ltr'><strong>constantem</strong></span> <span class='ocrx_word' id='word_1_249' title='bbox 1852 1329 2006 1367; x_wconf 85' lang='lat' dir='ltr'><strong>aliosque.</strong></span> 
     </span>
     <span class='ocr_line' id='line_1_23' title="bbox 204 1386 2061 1432; baseline -0.001 -11"><span class='ocrx_word' id='word_1_250' title='bbox 204 1392 357 1432; x_wconf 85' lang='lat' dir='ltr'><strong>Magnum</strong></span> <span class='ocrx_word' id='word_1_251' title='bbox 373 1391 514 1421; x_wconf 88' lang='lat' dir='ltr'><strong>discendi</strong></span> <span class='ocrx_word' id='word_1_252' title='bbox 529 1391 680 1431; x_wconf 88' lang='lat' dir='ltr'><strong>studium,</strong></span> <span class='ocrx_word' id='word_1_253' title='bbox 700 1401 761 1431; x_wconf 92' lang='lat' dir='ltr'><strong>quo</strong></span> <span class='ocrx_word' id='word_1_254' title='bbox 778 1391 938 1430; x_wconf 88' lang='lat' dir='ltr'><strong>flagraret,</strong></span> <span class='ocrx_word' id='word_1_255' title='bbox 956 1390 1124 1430; x_wconf 76' lang='lat' dir='ltr'><strong>probaturi,</strong></span> <span class='ocrx_word' id='word_1_256' title='bbox 1149 1389 1336 1423; x_wconf 79' lang='lat' dir='ltr'><strong>&#39;l&#39;ebrisium,</strong></span> <span class='ocrx_word' id='word_1_257' title='bbox 1356 1398 1450 1427; x_wconf 84' lang='lat' dir='ltr'><strong>quum</strong></span> <span class='ocrx_word' id='word_1_258' title='bbox 1469 1388 1547 1418; x_wconf 91' lang='lat' dir='ltr'><strong>libro</strong></span> <span class='ocrx_word' id='word_1_259' title='bbox 1563 1388 1714 1427; x_wconf 84' lang='lat' dir='ltr'><strong>inscripto</strong></span> <span class='ocrx_word' id='word_1_260' title='bbox 1726 1386 2007 1432; x_wconf 31' lang='lat' dir='ltr'><strong>Kffligqge&#39;xffxli,</strong></span> <span class='ocrx_word' id='word_1_261' title='bbox 2054 1390 2061 1399; x_wconf 92' lang='lat'><strong><em>‘</em></strong></span> 
     </span>
     <span class='ocr_line' id='line_1_24' title="bbox 203 1447 2008 1489; baseline -0.002 -10"><span class='ocrx_word' id='word_1_262' title='bbox 203 1451 295 1480; x_wconf 88' lang='lat' dir='ltr'><strong>cuius</strong></span> <span class='ocrx_word' id='word_1_263' title='bbox 317 1455 427 1481; x_wconf 87' lang='lat' dir='ltr'><strong>auctor</strong></span> <span class='ocrx_word' id='word_1_264' title='bbox 448 1451 679 1481; x_wconf 86' lang='lat' dir='ltr'><strong>Abu-Mansur</strong></span> <span class='ocrx_word' id='word_1_265' title='bbox 702 1451 850 1481; x_wconf 86' lang='lat' dir='ltr'><strong>Alashari</strong></span> <span class='ocrx_word' id='word_1_266' title='bbox 872 1454 928 1485; x_wconf 88' lang='lat' dir='ltr'><strong>est,</strong></span> <span class='ocrx_word' id='word_1_267' title='bbox 954 1450 1072 1489; x_wconf 88' lang='lat' dir='ltr'><strong>potitus</strong></span> <span class='ocrx_word' id='word_1_268' title='bbox 1097 1453 1229 1488; x_wconf 83' lang='lat' dir='ltr'><strong>optaret,</strong></span> <span class='ocrx_word' id='word_1_269' title='bbox 1256 1453 1290 1478; x_wconf 91' lang='lat' dir='ltr'><strong>ut</strong></span> <span class='ocrx_word' id='word_1_270' title='bbox 1304 1450 1335 1478; x_wconf 90' lang='lat' dir='ltr'><strong>in</strong></span> <span class='ocrx_word' id='word_1_271' title='bbox 1351 1449 1417 1478; x_wconf 84' lang='lat' dir='ltr'><strong>libri</strong></span> <span class='ocrx_word' id='word_1_272' title='bbox 1441 1453 1661 1489; x_wconf 67' lang='lat' dir='ltr'><strong>argumentum</strong></span> <span class='ocrx_word' id='word_1_273' title='bbox 1683 1449 1861 1488; x_wconf 81' lang='lat' dir='ltr'><strong>inquireret,</strong></span> <span class='ocrx_word' id='word_1_274' title='bbox 1884 1447 1922 1477; x_wconf 89' lang='lat' dir='ltr'><strong>ab</strong></span> <span class='ocrx_word' id='word_1_275' title='bbox 1947 1457 2008 1486; x_wconf 84' lang='lat' dir='ltr'><strong>op·-</strong></span> 
     </span>
     <span class='ocr_line' id='line_1_25' title="bbox 204 1502 2008 1545; baseline -0.001 -11"><span class='ocrx_word' id='word_1_276' title='bbox 204 1506 276 1545; x_wconf 91' lang='lat' dir='ltr'><strong>pido</strong></span> <span class='ocrx_word' id='word_1_277' title='bbox 298 1506 411 1536; x_wconf 76' lang='lat' dir='ltr'><strong>&#39;Febris</strong></span> <span class='ocrx_word' id='word_1_278' title='bbox 434 1507 626 1544; x_wconf 82' lang='lat' dir='ltr'><strong>Maahrram,</strong></span> <span class='ocrx_word' id='word_1_279' title='bbox 658 1514 719 1544; x_wconf 91' lang='lat' dir='ltr'><strong>quo</strong></span> <span class='ocrx_word' id='word_1_280' title='bbox 743 1505 771 1534; x_wconf 89' lang='lat' dir='ltr'><strong>in</strong></span> <span class='ocrx_word' id='word_1_281' title='bbox 795 1505 864 1534; x_wconf 92' lang='lat' dir='ltr'><strong>loco</strong></span> <span class='ocrx_word' id='word_1_282' title='bbox 889 1502 1121 1534; x_wconf 75' lang='lat' dir='ltr'><strong>Abu-I&#39;Ahlam</strong></span> <span class='ocrx_word' id='word_1_283' title='bbox 1146 1504 1335 1542; x_wconf 75' lang='lat' dir='ltr'><strong>consuleret,</strong></span> <span class='ocrx_word' id='word_1_284' title='bbox 1367 1503 1498 1542; x_wconf 87' lang='lat' dir='ltr'><strong>pedibus</strong></span> <span class='ocrx_word' id='word_1_285' title='bbox 1529 1503 1740 1540; x_wconf 85' lang='lat' dir='ltr'><strong>incedentem,</strong></span> <span class='ocrx_word' id='word_1_286' title='bbox 1772 1503 1853 1543; x_wconf 92' lang='lat' dir='ltr'><strong>quod</strong></span> <span class='ocrx_word' id='word_1_287' title='bbox 1878 1503 2008 1532; x_wconf 89' lang='lat' dir='ltr'><strong>iumenti</strong></span> 
     </span>
     <span class='ocr_line' id='line_1_26' title="bbox 205 1557 2007 1599; baseline -0.001 -11"><span class='ocrx_word' id='word_1_288' title='bbox 205 1559 327 1589; x_wconf 88' lang='lat' dir='ltr'><strong>emendi</strong></span> <span class='ocrx_word' id='word_1_289' title='bbox 352 1560 484 1599; x_wconf 87' lang='lat' dir='ltr'><strong>pretium</strong></span> <span class='ocrx_word' id='word_1_290' title='bbox 507 1570 567 1589; x_wconf 89' lang='lat' dir='ltr'><strong>non</strong></span> <span class='ocrx_word' id='word_1_291' title='bbox 592 1559 734 1596; x_wconf 86' lang='lat' dir='ltr'><strong>haberet,</strong></span> <span class='ocrx_word' id='word_1_292' title='bbox 760 1558 917 1596; x_wconf 86' lang='lat' dir='ltr'><strong>migrasse</strong></span> <span class='ocrx_word' id='word_1_293' title='bbox 939 1562 1087 1586; x_wconf 81' lang='lat' dir='ltr'><strong>auctores</strong></span> <span class='ocrx_word' id='word_1_294' title='bbox 1111 1562 1283 1586; x_wconf 82' lang='lat' dir='ltr'><strong>narrarunt.</strong></span> <span class='ocrx_word' id='word_1_295' title='bbox 1330 1557 1400 1594; x_wconf 87' lang='lat' dir='ltr'><strong>Quo</strong></span> <span class='ocrx_word' id='word_1_296' title='bbox 1419 1558 1447 1586; x_wconf 92' lang='lat' dir='ltr'><strong>iu</strong></span> <span class='ocrx_word' id='word_1_297' title='bbox 1464 1557 1575 1586; x_wconf 88' lang='lat' dir='ltr'><strong>itinere</strong></span> <span class='ocrx_word' id='word_1_298' title='bbox 1588 1563 1722 1596; x_wconf 84' lang='lat' dir='ltr'><strong>quantas</strong></span> <span class='ocrx_word' id='word_1_299' title='bbox 1747 1557 1911 1587; x_wconf 83' lang='lat' dir='ltr'><strong>molestias</strong></span> <span class='ocrx_word' id='word_1_300' title='bbox 1931 1566 2007 1596; x_wconf 87' lang='lat' dir='ltr'><strong>per-</strong></span> 
     </span>
     <span class='ocr_line' id='line_1_27' title="bbox 206 1610 2007 1652; baseline -0.001 -10"><span class='ocrx_word' id='word_1_301' title='bbox 206 1622 321 1652; x_wconf 88' lang='lat' dir='ltr'><strong>pessus</strong></span> <span class='ocrx_word' id='word_1_302' title='bbox 344 1614 397 1651; x_wconf 90' lang='lat' dir='ltr'><strong>sit,</strong></span> <span class='ocrx_word' id='word_1_303' title='bbox 421 1623 462 1642; x_wconf 86' lang='lat' dir='ltr'><strong>ex</strong></span> <span class='ocrx_word' id='word_1_304' title='bbox 485 1622 523 1643; x_wconf 90' lang='lat' dir='ltr'><strong>eo</strong></span> <span class='ocrx_word' id='word_1_305' title='bbox 547 1613 710 1652; x_wconf 82' lang='lat' dir='ltr'><strong>adparere,</strong></span> <span class='ocrx_word' id='word_1_306' title='bbox 734 1611 818 1650; x_wconf 88' lang='lat' dir='ltr'><strong>quod</strong></span> <span class='ocrx_word' id='word_1_307' title='bbox 846 1611 906 1640; x_wconf 86' lang='lat' dir='ltr'><strong>viri</strong></span> <span class='ocrx_word' id='word_1_308' title='bbox 929 1610 1045 1640; x_wconf 91' lang='lat' dir='ltr'><strong>sudore</strong></span> <span class='ocrx_word' id='word_1_309' title='bbox 1067 1611 1202 1641; x_wconf 86' lang='lat' dir='ltr'><strong>intrante</strong></span> <span class='ocrx_word' id='word_1_310' title='bbox 1226 1612 1292 1641; x_wconf 90' lang='lat' dir='ltr'><strong>libri</strong></span> <span class='ocrx_word' id='word_1_311' title='bbox 1316 1612 1400 1641; x_wconf 75' lang='lat' dir='ltr'><strong>color</strong></span> <span class='ocrx_word' id='word_1_312' title='bbox 1424 1612 1465 1641; x_wconf 88' lang='lat' dir='ltr'><strong>ita</strong></span> <span class='ocrx_word' id='word_1_313' title='bbox 1491 1616 1629 1641; x_wconf 88' lang='lat' dir='ltr'><strong>mutatus</strong></span> <span class='ocrx_word' id='word_1_314' title='bbox 1654 1613 1758 1649; x_wconf 79' lang='lat' dir='ltr'><strong>fuerit,</strong></span> <span class='ocrx_word' id='word_1_315' title='bbox 1782 1616 1816 1641; x_wconf 93' lang='lat' dir='ltr'><strong>ut</strong></span> <span class='ocrx_word' id='word_1_316' title='bbox 1838 1611 1867 1640; x_wconf 90' lang='lat' dir='ltr'><strong>in</strong></span> <span class='ocrx_word' id='word_1_317' title='bbox 1893 1620 2007 1649; x_wconf 88' lang='lat' dir='ltr'><strong>aquam</strong></span> 
     </span>
     <span class='ocr_line' id='line_1_28' title="bbox 207 1664 2008 1705; baseline -0.001 -9"><span class='ocrx_word' id='word_1_318' title='bbox 207 1669 372 1696; x_wconf 85' lang='lat' dir='ltr'><strong>immersus</strong></span> <span class='ocrx_word' id='word_1_319' title='bbox 388 1666 554 1697; x_wconf 89' lang='lat' dir='ltr'><strong>videretur.</strong></span> <span class='ocrx_word' id='word_1_320' title='bbox 567 1667 701 1696; x_wconf 90' lang='lat' dir='ltr'><strong>lluncce</strong></span> <span class='ocrx_word' id='word_1_321' title='bbox 715 1666 823 1694; x_wconf 89' lang='lat' dir='ltr'><strong>librum</strong></span> <span class='ocrx_word' id='word_1_322' title='bbox 836 1669 940 1694; x_wconf 87' lang='lat' dir='ltr'><strong>autem</strong></span> <span class='ocrx_word' id='word_1_323' title='bbox 956 1664 1099 1704; x_wconf 76' lang='lat' dir='ltr'><strong>Bag-dadi</strong></span> <span class='ocrx_word' id='word_1_324' title='bbox 1110 1665 1139 1694; x_wconf 89' lang='lat' dir='ltr'><strong>in</strong></span> <span class='ocrx_word' id='word_1_325' title='bbox 1151 1665 1338 1694; x_wconf 86' lang='lat' dir='ltr'><strong>bibliotheca</strong></span> <span class='ocrx_word' id='word_1_326' title='bbox 1357 1665 1479 1704; x_wconf 85' lang='lat' dir='ltr'><strong>publico</strong></span> <span class='ocrx_word' id='word_1_327' title='bbox 1497 1668 1567 1695; x_wconf 91' lang='lat' dir='ltr'><strong>usui</strong></span> <span class='ocrx_word' id='word_1_328' title='bbox 1583 1665 1698 1696; x_wconf 83' lang='lat' dir='ltr'><strong>donata</strong></span> <span class='ocrx_word' id='word_1_329' title='bbox 1721 1666 1893 1705; x_wconf 84' lang='lat' dir='ltr'><strong>asservari,</strong></span> <span class='ocrx_word' id='word_1_330' title='bbox 1917 1665 2008 1694; x_wconf 82' lang='lat' dir='ltr'><strong>Ebu-</strong></span> 
     </span>
     <span class='ocr_line' id='line_1_29' title="bbox 209 1718 2008 1759; baseline -0.002 -10"><span class='ocrx_word' id='word_1_331' title='bbox 209 1720 414 1751; x_wconf 85' lang='lat' dir='ltr'><strong>Challikanus</strong></span> <span class='ocrx_word' id='word_1_332' title='bbox 435 1722 474 1751; x_wconf 89' lang='lat' dir='ltr'><strong>de</strong></span> <span class='ocrx_word' id='word_1_333' title='bbox 496 1732 529 1751; x_wconf 88' lang='lat' dir='ltr'><strong>re</strong></span> <span class='ocrx_word' id='word_1_334' title='bbox 551 1723 649 1752; x_wconf 84' lang='lat' dir='ltr'><strong>relata</strong></span> <span class='ocrx_word' id='word_1_335' title='bbox 673 1721 829 1759; x_wconf 85' lang='lat' dir='ltr'><strong>dubitans,</strong></span> <span class='ocrx_word' id='word_1_336' title='bbox 854 1720 1042 1758; x_wconf 71' lang='lat' dir='ltr'><strong>&#39;Febr-isium,</strong></span> <span class='ocrx_word' id='word_1_337' title='bbox 1065 1719 1115 1759; x_wconf 84' lang='lat' dir='ltr'><strong>qui</strong></span> <span class='ocrx_word' id='word_1_338' title='bbox 1138 1719 1263 1748; x_wconf 85' lang='lat' dir='ltr'><strong>iuvenis</strong></span> <span class='ocrx_word' id='word_1_339' title='bbox 1287 1719 1315 1747; x_wconf 94' lang='lat' dir='ltr'><strong>in</strong></span> <span class='ocrx_word' id='word_1_340' title='bbox 1341 1719 1526 1758; x_wconf 83' lang='lat' dir='ltr'><strong>Aegyptum</strong></span> <span class='ocrx_word' id='word_1_341' title='bbox 1551 1721 1706 1757; x_wconf 83' lang='lat' dir='ltr'><strong>venisset,</strong></span> <span class='ocrx_word' id='word_1_342' title='bbox 1730 1719 1889 1749; x_wconf 88' lang='lat' dir='ltr'><strong>doctorem</strong></span> <span class='ocrx_word' id='word_1_343' title='bbox 1914 1718 2008 1747; x_wconf 87' lang='lat' dir='ltr'><strong>Abu-</strong></span> 
     </span>
     <span class='ocr_line' id='line_1_30' title="bbox 208 1772 2006 1814; baseline -0.003 -9"><span class='ocrx_word' id='word_1_344' title='bbox 208 1775 392 1806; x_wconf 81' lang='lat' dir='ltr'><strong>l&#39;Hasanum</strong></span> <span class='ocrx_word' id='word_1_345' title='bbox 419 1777 547 1806; x_wconf 72' lang='lat' dir='ltr'><strong>&#39;I‘haher</strong></span> <span class='ocrx_word' id='word_1_346' title='bbox 573 1777 600 1806; x_wconf 90' lang='lat' dir='ltr'><strong>b.</strong></span> <span class='ocrx_word' id='word_1_347' title='bbox 624 1775 817 1805; x_wconf 81' lang='lat' dir='ltr'><strong>Rabsehads</strong></span> <span class='ocrx_word' id='word_1_348' title='bbox 843 1774 1084 1814; x_wconf 84' lang='lat' dir='ltr'><strong>grammaticum</strong></span> <span class='ocrx_word' id='word_1_349' title='bbox 1107 1773 1373 1813; x_wconf 84' lang='lat' dir='ltr'><strong>lexicograpbiam</strong></span> <span class='ocrx_word' id='word_1_350' title='bbox 1398 1772 1546 1802; x_wconf 86' lang='lat' dir='ltr'><strong>docuisse</strong></span> <span class='ocrx_word' id='word_1_351' title='bbox 1570 1776 1601 1802; x_wconf 87' lang='lat' dir='ltr'><strong>et</strong></span> <span class='ocrx_word' id='word_1_352' title='bbox 1624 1772 1696 1802; x_wconf 90' lang='lat' dir='ltr'><strong>inde</strong></span> <span class='ocrx_word' id='word_1_353' title='bbox 1719 1773 1896 1812; x_wconf 82' lang='lat' dir='ltr'><strong>profectum</strong></span> <span class='ocrx_word' id='word_1_354' title='bbox 1916 1773 2006 1812; x_wconf 82' lang='lat' dir='ltr'><strong>Bag-</strong></span> 
     </span>
     <span class='ocr_line' id='line_1_31' title="bbox 209 1826 2005 1870; baseline -0.002 -12"><span class='ocrx_word' id='word_1_355' title='bbox 209 1829 281 1859; x_wconf 88' lang='lat' dir='ltr'><strong>dadi</strong></span> <span class='ocrx_word' id='word_1_356' title='bbox 302 1840 402 1870; x_wconf 83' lang='lat' dir='ltr'><strong>usque</strong></span> <span class='ocrx_word' id='word_1_357' title='bbox 423 1831 462 1860; x_wconf 91' lang='lat' dir='ltr'><strong>ad</strong></span> <span class='ocrx_word' id='word_1_358' title='bbox 486 1836 628 1868; x_wconf 75' lang='lat' dir='ltr'><strong>mortem,</strong></span> <span class='ocrx_word' id='word_1_359' title='bbox 653 1840 745 1870; x_wconf 86' lang='lat' dir='ltr'><strong>quam</strong></span> <span class='ocrx_word' id='word_1_360' title='bbox 768 1840 849 1860; x_wconf 88' lang='lat' dir='ltr'><strong>anno</strong></span> <span class='ocrx_word' id='word_1_361' title='bbox 873 1830 936 1859; x_wconf 74' lang='lat'><strong>502</strong></span> <span class='ocrx_word' id='word_1_362' title='bbox 959 1828 1154 1866; x_wconf 87' lang='lat' dir='ltr'><strong>occubuerit,</strong></span> <span class='ocrx_word' id='word_1_363' title='bbox 1179 1827 1342 1856; x_wconf 83' lang='lat' dir='ltr'><strong>habitasse</strong></span> <span class='ocrx_word' id='word_1_364' title='bbox 1365 1828 1515 1856; x_wconf 86' lang='lat' dir='ltr'><strong>narravit.</strong></span> <span class='ocrx_word' id='word_1_365' title='bbox 1562 1826 1650 1856; x_wconf 85' lang='lat' dir='ltr'><strong>Idem</strong></span> <span class='ocrx_word' id='word_1_366' title='bbox 1673 1827 1730 1856; x_wconf 88' lang='lat' dir='ltr'><strong>Nr.</strong></span> <span class='ocrx_word' id='word_1_367' title='bbox 1753 1827 1816 1857; x_wconf 83' lang='lat'><strong>810</strong></span> <span class='ocrx_word' id='word_1_368' title='bbox 1838 1827 1943 1866; x_wconf 89' lang='lat' dir='ltr'><strong>plures</strong></span> <span class='ocrx_word' id='word_1_369' title='bbox 1966 1826 2005 1855; x_wconf 91' lang='lat' dir='ltr'><strong>ab</strong></span> 
     </span>
     <span class='ocr_line' id='line_1_32' title="bbox 210 1884 707 1926; baseline 0.002 -13"><span class='ocrx_word' id='word_1_370' title='bbox 210 1894 248 1914; x_wconf 87' lang='lat' dir='ltr'><strong>eo</strong></span> <span class='ocrx_word' id='word_1_371' title='bbox 272 1884 373 1914; x_wconf 90' lang='lat' dir='ltr'><strong>dictos</strong></span> <span class='ocrx_word' id='word_1_372' title='bbox 395 1895 510 1915; x_wconf 88' lang='lat' dir='ltr'><strong>versus</strong></span> <span class='ocrx_word' id='word_1_373' title='bbox 533 1885 707 1926; x_wconf 82' lang='lat' dir='ltr'><strong>adlegavit.</strong></span> 
     </span>
    </p>

    <p class='ocr_par' dir='ltr' id='par_1_6' title="bbox 210 1934 2011 2569">
     <span class='ocr_line' id='line_1_33' title="bbox 292 1934 2007 1977; baseline -0.002 -11"><span class='ocrx_word' id='word_1_374' title='bbox 292 1937 326 1967; x_wconf 75' lang='lat' dir='ltr'><strong>In</strong></span> <span class='ocrx_word' id='word_1_375' title='bbox 348 1940 544 1977; x_wconf 81' lang='lat' dir='ltr'><strong>praefatione</strong></span> <span class='ocrx_word' id='word_1_376' title='bbox 557 1941 670 1969; x_wconf 83' lang='lat' dir='ltr'><strong>Latina</strong></span> <span class='ocrx_word' id='word_1_377' title='bbox 692 1938 944 1969; x_wconf 87' lang='lat' dir='ltr'><strong>textuiArabico</strong></span> <span class='ocrx_word' id='word_1_378' title='bbox 966 1936 1141 1976; x_wconf 80' lang='lat' dir='ltr'><strong>praemissa</strong></span> <span class='ocrx_word' id='word_1_379' title='bbox 1164 1936 1424 1965; x_wconf 82' lang='lat' dir='ltr'><strong>commentarium</strong></span> <span class='ocrx_word' id='word_1_380' title='bbox 1449 1934 1581 1964; x_wconf 82' lang='lat' dir='ltr'><strong>&#39;rebrisii</strong></span> <span class='ocrx_word' id='word_1_381' title='bbox 1599 1935 1679 1964; x_wconf 90' lang='lat' dir='ltr'><strong>inter</strong></span> <span class='ocrx_word' id='word_1_382' title='bbox 1693 1938 1838 1964; x_wconf 88' lang='lat' dir='ltr'><strong>caeteros</strong></span> <span class='ocrx_word' id='word_1_383' title='bbox 1850 1934 2007 1973; x_wconf 85' lang='lat' dir='ltr'><strong>insignem</strong></span> 
     </span>
     <span class='ocr_line' id='line_1_34' title="bbox 210 1986 2008 2031; baseline -0.002 -12"><span class='ocrx_word' id='word_1_384' title='bbox 210 1990 310 2020; x_wconf 86' lang='lat' dir='ltr'><strong>locum</strong></span> <span class='ocrx_word' id='word_1_385' title='bbox 336 2001 491 2031; x_wconf 88' lang='lat' dir='ltr'><strong>occupare</strong></span> <span class='ocrx_word' id='word_1_386' title='bbox 515 1992 662 2022; x_wconf 82' lang='lat' dir='ltr'><strong>diximus.</strong></span> <span class='ocrx_word' id='word_1_387' title='bbox 701 1991 793 2030; x_wconf 84' lang='lat' dir='ltr'><strong>Quod</strong></span> <span class='ocrx_word' id='word_1_388' title='bbox 817 1991 964 2020; x_wconf 89' lang='lat' dir='ltr'><strong>iudicium</strong></span> <span class='ocrx_word' id='word_1_389' title='bbox 996 1989 1103 2019; x_wconf 89' lang='lat' dir='ltr'><strong>verbis</strong></span> <span class='ocrx_word' id='word_1_390' title='bbox 1134 1990 1280 2028; x_wconf 83' lang='lat' dir='ltr'><strong>&#39;l&#39;ebrisii,</strong></span> <span class='ocrx_word' id='word_1_391' title='bbox 1306 1989 1421 2029; x_wconf 89' lang='lat' dir='ltr'><strong>quibus</strong></span> <span class='ocrx_word' id='word_1_392' title='bbox 1446 1988 1607 2018; x_wconf 72' lang='lat' dir='ltr'><strong>Hamasae</strong></span> <span class='ocrx_word' id='word_1_393' title='bbox 1637 1989 1861 2018; x_wconf 84' lang='lat' dir='ltr'><strong>commentario</strong></span> <span class='ocrx_word' id='word_1_394' title='bbox 1885 1997 1912 2027; x_wconf 93' lang='lat' dir='ltr'><strong>p.</strong></span> <span class='ocrx_word' id='word_1_395' title='bbox 1936 1986 2008 2017; x_wconf 68' lang='lat'><strong>824.</strong></span> 
     </span>
     <span class='ocr_line' id='line_1_35' title="bbox 211 2043 2008 2084; baseline 0 -12"><span class='ocrx_word' id='word_1_396' title='bbox 211 2043 305 2072; x_wconf 91' lang='lat' dir='ltr'><strong>finem</strong></span> <span class='ocrx_word' id='word_1_397' title='bbox 319 2045 476 2083; x_wconf 87' lang='lat' dir='ltr'><strong>imposuit,</strong></span> <span class='ocrx_word' id='word_1_398' title='bbox 496 2048 606 2075; x_wconf 86' lang='lat' dir='ltr'><strong>nititur</strong></span> <span class='ocrx_word' id='word_1_399' title='bbox 622 2046 770 2076; x_wconf 87' lang='lat' dir='ltr'><strong>dicentis:</strong></span> <span class='ocrx_word' id='word_1_400' title='bbox 795 2045 906 2083; x_wconf 74' lang='lat' dir='ltr'><strong>„Quae</strong></span> <span class='ocrx_word' id='word_1_401' title='bbox 923 2044 962 2073; x_wconf 88' lang='lat' dir='ltr'><strong>de</strong></span> <span class='ocrx_word' id='word_1_402' title='bbox 985 2045 1094 2084; x_wconf 82' lang='lat' dir='ltr'><strong>orgine</strong></span> <span class='ocrx_word' id='word_1_403' title='bbox 1113 2044 1269 2073; x_wconf 90' lang='lat' dir='ltr'><strong>nominum</strong></span> <span class='ocrx_word' id='word_1_404' title='bbox 1286 2048 1448 2082; x_wconf 84' lang='lat' dir='ltr'><strong>poetarum</strong></span> <span class='ocrx_word' id='word_1_405' title='bbox 1462 2043 1587 2082; x_wconf 85' lang='lat' dir='ltr'><strong>tradita,</strong></span> <span class='ocrx_word' id='word_1_406' title='bbox 1613 2053 1694 2083; x_wconf 89' lang='lat' dir='ltr'><strong>quae</strong></span> <span class='ocrx_word' id='word_1_407' title='bbox 1711 2054 1771 2083; x_wconf 86' lang='lat' dir='ltr'><strong>ope</strong></span> <span class='ocrx_word' id='word_1_408' title='bbox 1784 2043 2008 2084; x_wconf 79' lang='lat' dir='ltr'><strong>grammatices</strong></span> 
     </span>
     <span class='ocr_line' id='line_1_36' title="bbox 212 2095 2008 2138; baseline -0.001 -12"><span class='ocrx_word' id='word_1_409' title='bbox 212 2101 244 2126; x_wconf 87' lang='lat' dir='ltr'><strong>et</strong></span> <span class='ocrx_word' id='word_1_410' title='bbox 266 2097 523 2138; x_wconf 82' lang='lat' dir='ltr'><strong>lexicographiae</strong></span> <span class='ocrx_word' id='word_1_411' title='bbox 547 2100 768 2138; x_wconf 86' lang='lat' dir='ltr'><strong>interpretandi</strong></span> <span class='ocrx_word' id='word_1_412' title='bbox 796 2100 936 2128; x_wconf 89' lang='lat' dir='ltr'><strong>rationes</strong></span> <span class='ocrx_word' id='word_1_413' title='bbox 958 2099 996 2129; x_wconf 85' lang='lat' dir='ltr'><strong>ab</strong></span> <span class='ocrx_word' id='word_1_414' title='bbox 1021 2098 1090 2129; x_wconf 88' lang='lat' dir='ltr'><strong>aliis</strong></span> <span class='ocrx_word' id='word_1_415' title='bbox 1112 2098 1248 2135; x_wconf 76' lang='lat' dir='ltr'><strong>adlatae,</strong></span> <span class='ocrx_word' id='word_1_416' title='bbox 1275 2108 1355 2137; x_wconf 85' lang='lat' dir='ltr'><strong>quae</strong></span> <span class='ocrx_word' id='word_1_417' title='bbox 1379 2099 1418 2128; x_wconf 84' lang='lat' dir='ltr'><strong>de</strong></span> <span class='ocrx_word' id='word_1_418' title='bbox 1439 2108 1592 2128; x_wconf 89' lang='lat' dir='ltr'><strong>versuum</strong></span> <span class='ocrx_word' id='word_1_419' title='bbox 1619 2097 1798 2127; x_wconf 87' lang='lat' dir='ltr'><strong>auctoribus</strong></span> <span class='ocrx_word' id='word_1_420' title='bbox 1828 2095 2008 2126; x_wconf 87' lang='lat' dir='ltr'><strong>occasioni-</strong></span> 
     </span>
     <span class='ocr_line' id='line_1_37' title="bbox 211 2149 2008 2193; baseline 0 -14"><span class='ocrx_word' id='word_1_421' title='bbox 211 2149 335 2190; x_wconf 83' lang='lat' dir='ltr'><strong>busque</strong></span> <span class='ocrx_word' id='word_1_422' title='bbox 357 2152 454 2181; x_wconf 81' lang='lat' dir='ltr'><strong>relata</strong></span> <span class='ocrx_word' id='word_1_423' title='bbox 476 2157 561 2192; x_wconf 90' lang='lat' dir='ltr'><strong>sunt,</strong></span> <span class='ocrx_word' id='word_1_424' title='bbox 585 2164 623 2184; x_wconf 82' lang='lat' dir='ltr'><strong>ea</strong></span> <span class='ocrx_word' id='word_1_425' title='bbox 647 2154 771 2193; x_wconf 77' lang='lat' dir='ltr'><strong>collegi,</strong></span> <span class='ocrx_word' id='word_1_426' title='bbox 796 2158 830 2183; x_wconf 85' lang='lat' dir='ltr'><strong>ut</strong></span> <span class='ocrx_word' id='word_1_427' title='bbox 853 2163 934 2193; x_wconf 87' lang='lat' dir='ltr'><strong>quae</strong></span> <span class='ocrx_word' id='word_1_428' title='bbox 956 2153 1190 2183; x_wconf 84' lang='lat' dir='ltr'><strong>commentariis</strong></span> <span class='ocrx_word' id='word_1_429' title='bbox 1213 2153 1366 2191; x_wconf 85' lang='lat' dir='ltr'><strong>prioribus</strong></span> <span class='ocrx_word' id='word_1_430' title='bbox 1391 2153 1534 2192; x_wconf 87' lang='lat' dir='ltr'><strong>dispersa</strong></span> <span class='ocrx_word' id='word_1_431' title='bbox 1553 2153 1763 2191; x_wconf 80' lang='lat' dir='ltr'><strong>inveniantur,</strong></span> <span class='ocrx_word' id='word_1_432' title='bbox 1785 2153 1814 2181; x_wconf 88' lang='lat' dir='ltr'><strong>in</strong></span> <span class='ocrx_word' id='word_1_433' title='bbox 1836 2161 1906 2180; x_wconf 90' lang='lat' dir='ltr'><strong>meo</strong></span> <span class='ocrx_word' id='word_1_434' title='bbox 1927 2158 2008 2179; x_wconf 86' lang='lat' dir='ltr'><strong>con-</strong></span> 
     </span>
     <span class='ocr_line' id='line_1_38' title="bbox 213 2203 2007 2246; baseline -0.002 -10"><span class='ocrx_word' id='word_1_435' title='bbox 213 2209 346 2243; x_wconf 69' lang='lat' dir='ltr'><strong>gregata</strong></span> <span class='ocrx_word' id='word_1_436' title='bbox 369 2206 459 2237; x_wconf 64' lang='lat' dir='ltr'><strong>sintu.</strong></span> <span class='ocrx_word' id='word_1_437' title='bbox 485 2208 533 2236; x_wconf 78' lang='lat' dir='ltr'><strong>Ex</strong></span> <span class='ocrx_word' id='word_1_438' title='bbox 555 2207 643 2237; x_wconf 91' lang='lat' dir='ltr'><strong>hisce</strong></span> <span class='ocrx_word' id='word_1_439' title='bbox 666 2209 773 2238; x_wconf 85' lang='lat' dir='ltr'><strong>verbis</strong></span> <span class='ocrx_word' id='word_1_440' title='bbox 796 2207 952 2241; x_wconf 83' lang='lat' dir='ltr'><strong>videmus,</strong></span> <span class='ocrx_word' id='word_1_441' title='bbox 977 2207 1156 2237; x_wconf 86' lang='lat' dir='ltr'><strong>Tebrisium</strong></span> <span class='ocrx_word' id='word_1_442' title='bbox 1179 2211 1316 2237; x_wconf 87' lang='lat' dir='ltr'><strong>nontam</strong></span> <span class='ocrx_word' id='word_1_443' title='bbox 1330 2217 1432 2237; x_wconf 85' lang='lat' dir='ltr'><strong>novas</strong></span> <span class='ocrx_word' id='word_1_444' title='bbox 1457 2206 1682 2246; x_wconf 82' lang='lat' dir='ltr'><strong>interpretandi</strong></span> <span class='ocrx_word' id='word_1_445' title='bbox 1705 2206 1844 2235; x_wconf 87' lang='lat' dir='ltr'><strong>rationes</strong></span> <span class='ocrx_word' id='word_1_446' title='bbox 1866 2203 2007 2245; x_wconf 81' lang='lat' dir='ltr'><strong>gloriari,</strong></span> 
     </span>
     <span class='ocr_line' id='line_1_39' title="bbox 214 2257 2010 2301; baseline 0 -15"><span class='ocrx_word' id='word_1_447' title='bbox 214 2267 305 2296; x_wconf 83' lang='lat' dir='ltr'><strong>qnam</strong></span> <span class='ocrx_word' id='word_1_448' title='bbox 329 2258 464 2288; x_wconf 91' lang='lat' dir='ltr'><strong>studium</strong></span> <span class='ocrx_word' id='word_1_449' title='bbox 489 2260 746 2301; x_wconf 84' lang='lat' dir='ltr'><strong>diligentiamque</strong></span> <span class='ocrx_word' id='word_1_450' title='bbox 769 2262 797 2290; x_wconf 93' lang='lat' dir='ltr'><strong>in</strong></span> <span class='ocrx_word' id='word_1_451' title='bbox 819 2261 857 2290; x_wconf 92' lang='lat' dir='ltr'><strong>iis</strong></span> <span class='ocrx_word' id='word_1_452' title='bbox 880 2259 1075 2299; x_wconf 75' lang='lat' dir='ltr'><strong>colligendis,</strong></span> <span class='ocrx_word' id='word_1_453' title='bbox 1101 2270 1183 2300; x_wconf 84' lang='lat' dir='ltr'><strong>quae</strong></span> <span class='ocrx_word' id='word_1_454' title='bbox 1207 2261 1260 2290; x_wconf 87' lang='lat' dir='ltr'><strong>alii</strong></span> <span class='ocrx_word' id='word_1_455' title='bbox 1285 2266 1435 2290; x_wconf 82' lang='lat' dir='ltr'><strong>auctores</strong></span> <span class='ocrx_word' id='word_1_456' title='bbox 1458 2261 1649 2299; x_wconf 87' lang='lat' dir='ltr'><strong>protulerint,</strong></span> <span class='ocrx_word' id='word_1_457' title='bbox 1671 2259 1732 2289; x_wconf 84' lang='lat' dir='ltr'><strong>sibi</strong></span> <span class='ocrx_word' id='word_1_458' title='bbox 1755 2259 1932 2289; x_wconf 85' lang='lat' dir='ltr'><strong>adsumere.</strong></span> <span class='ocrx_word' id='word_1_459' title='bbox 1975 2257 2010 2286; x_wconf 89' lang='lat' dir='ltr'><strong>ln</strong></span> 
     </span>
     <span class='ocr_line' id='line_1_40' title="bbox 214 2310 2010 2353; baseline -0.001 -12"><span class='ocrx_word' id='word_1_460' title='bbox 214 2312 410 2350; x_wconf 86' lang='lat' dir='ltr'><strong>praefatione</strong></span> <span class='ocrx_word' id='word_1_461' title='bbox 434 2314 596 2344; x_wconf 68' lang='lat' dir='ltr'><strong>Hamasae</strong></span> <span class='ocrx_word' id='word_1_462' title='bbox 620 2316 794 2353; x_wconf 83' lang='lat' dir='ltr'><strong>praemissa</strong></span> <span class='ocrx_word' id='word_1_463' title='bbox 819 2325 848 2353; x_wconf 82' lang='lat' dir='ltr'><strong>p.</strong></span> <span class='ocrx_word' id='word_1_464' title='bbox 871 2315 899 2344; x_wconf 76' lang='lat'><strong>2.</strong></span> <span class='ocrx_word' id='word_1_465' title='bbox 915 2314 1073 2353; x_wconf 87' lang='lat' dir='ltr'><strong>prioribus</strong></span> <span class='ocrx_word' id='word_1_466' title='bbox 1093 2314 1316 2353; x_wconf 82' lang='lat' dir='ltr'><strong>interpretibus</strong></span> <span class='ocrx_word' id='word_1_467' title='bbox 1340 2318 1395 2343; x_wconf 88' lang='lat' dir='ltr'><strong>aut</strong></span> <span class='ocrx_word' id='word_1_468' title='bbox 1417 2314 1580 2343; x_wconf 85' lang='lat' dir='ltr'><strong>breviores</strong></span> <span class='ocrx_word' id='word_1_469' title='bbox 1602 2313 1630 2342; x_wconf 92' lang='lat' dir='ltr'><strong>in</strong></span> <span class='ocrx_word' id='word_1_470' title='bbox 1653 2311 1885 2352; x_wconf 80' lang='lat' dir='ltr'><strong>interpretando</strong></span> <span class='ocrx_word' id='word_1_471' title='bbox 1907 2310 2010 2340; x_wconf 79' lang='lat' dir='ltr'><strong>fuisse</strong></span> 
     </span>
     <span class='ocr_line' id='line_1_41' title="bbox 216 2363 2008 2407; baseline 0 -14"><span class='ocrx_word' id='word_1_472' title='bbox 216 2369 269 2393; x_wconf 83' lang='lat' dir='ltr'><strong>aut</strong></span> <span class='ocrx_word' id='word_1_473' title='bbox 290 2366 419 2396; x_wconf 85' lang='lat' dir='ltr'><strong>aliarum</strong></span> <span class='ocrx_word' id='word_1_474' title='bbox 447 2377 548 2397; x_wconf 85' lang='lat' dir='ltr'><strong>rerum</strong></span> <span class='ocrx_word' id='word_1_475' title='bbox 572 2369 600 2397; x_wconf 92' lang='lat' dir='ltr'><strong>in</strong></span> <span class='ocrx_word' id='word_1_476' title='bbox 622 2369 856 2407; x_wconf 83' lang='lat' dir='ltr'><strong>interpretando</strong></span> <span class='ocrx_word' id='word_1_477' title='bbox 886 2370 1039 2398; x_wconf 83' lang='lat' dir='ltr'><strong>rationem</strong></span> <span class='ocrx_word' id='word_1_478' title='bbox 1071 2367 1224 2396; x_wconf 87' lang='lat' dir='ltr'><strong>habentes</strong></span> <span class='ocrx_word' id='word_1_479' title='bbox 1255 2367 1334 2395; x_wconf 89' lang='lat' dir='ltr'><strong>alias</strong></span> <span class='ocrx_word' id='word_1_480' title='bbox 1367 2366 1514 2395; x_wconf 83' lang='lat' dir='ltr'><strong>omisisse</strong></span> <span class='ocrx_word' id='word_1_481' title='bbox 1544 2366 1671 2405; x_wconf 87' lang='lat' dir='ltr'><strong>obiecit,</strong></span> <span class='ocrx_word' id='word_1_482' title='bbox 1699 2366 1742 2396; x_wconf 82' lang='lat' dir='ltr'><strong>ita</strong></span> <span class='ocrx_word' id='word_1_483' title='bbox 1764 2370 1796 2395; x_wconf 90' lang='lat' dir='ltr'><strong>ut</strong></span> <span class='ocrx_word' id='word_1_484' title='bbox 1818 2369 1871 2393; x_wconf 84' lang='lat' dir='ltr'><strong>aut</strong></span> <span class='ocrx_word' id='word_1_485' title='bbox 1895 2373 1947 2394; x_wconf 88' lang='lat' dir='ltr'><strong>res</strong></span> <span class='ocrx_word' id='word_1_486' title='bbox 1969 2363 2008 2393; x_wconf 88' lang='lat' dir='ltr'><strong>ab</strong></span> 
     </span>
     <span class='ocr_line' id='line_1_42' title="bbox 216 2418 2011 2459; baseline 0 -12"><span class='ocrx_word' id='word_1_487' title='bbox 216 2418 372 2450; x_wconf 84' lang='lat' dir='ltr'><strong>historicis</strong></span> <span class='ocrx_word' id='word_1_488' title='bbox 400 2421 531 2451; x_wconf 86' lang='lat' dir='ltr'><strong>traditas</strong></span> <span class='ocrx_word' id='word_1_489' title='bbox 559 2421 740 2452; x_wconf 87' lang='lat' dir='ltr'><strong>adferentes</strong></span> <span class='ocrx_word' id='word_1_490' title='bbox 770 2432 900 2452; x_wconf 88' lang='lat' dir='ltr'><strong>sensum</strong></span> <span class='ocrx_word' id='word_1_491' title='bbox 930 2430 1083 2452; x_wconf 86' lang='lat' dir='ltr'><strong>versuum</strong></span> <span class='ocrx_word' id='word_1_492' title='bbox 1111 2420 1310 2459; x_wconf 83' lang='lat' dir='ltr'><strong>negligerent</strong></span> <span class='ocrx_word' id='word_1_493' title='bbox 1340 2423 1395 2448; x_wconf 86' lang='lat' dir='ltr'><strong>aut</strong></span> <span class='ocrx_word' id='word_1_494' title='bbox 1423 2428 1554 2449; x_wconf 90' lang='lat' dir='ltr'><strong>sensum</strong></span> <span class='ocrx_word' id='word_1_495' title='bbox 1581 2421 1778 2459; x_wconf 81' lang='lat' dir='ltr'><strong>explicantes</strong></span> <span class='ocrx_word' id='word_1_496' title='bbox 1803 2418 2011 2459; x_wconf 85' lang='lat' dir='ltr'><strong>grammatice</strong></span> 
     </span>
     <span class='ocr_line' id='line_1_43' title="bbox 217 2471 2009 2515; baseline -0.001 -15"><span class='ocrx_word' id='word_1_497' title='bbox 217 2471 440 2511; x_wconf 87' lang='lat' dir='ltr'><strong>interpretandi</strong></span> <span class='ocrx_word' id='word_1_498' title='bbox 463 2476 592 2505; x_wconf 87' lang='lat' dir='ltr'><strong>rationis</strong></span> <span class='ocrx_word' id='word_1_499' title='bbox 614 2475 814 2506; x_wconf 88' lang='lat' dir='ltr'><strong>immemores</strong></span> <span class='ocrx_word' id='word_1_500' title='bbox 836 2485 889 2505; x_wconf 90' lang='lat' dir='ltr'><strong>res</strong></span> <span class='ocrx_word' id='word_1_501' title='bbox 912 2485 1038 2515; x_wconf 89' lang='lat' dir='ltr'><strong>quoque</strong></span> <span class='ocrx_word' id='word_1_502' title='bbox 1060 2474 1099 2504; x_wconf 89' lang='lat' dir='ltr'><strong>ab</strong></span> <span class='ocrx_word' id='word_1_503' title='bbox 1122 2473 1282 2504; x_wconf 85' lang='lat' dir='ltr'><strong>historicis</strong></span> <span class='ocrx_word' id='word_1_504' title='bbox 1309 2473 1426 2502; x_wconf 86' lang='lat' dir='ltr'><strong>relatas</strong></span> <span class='ocrx_word' id='word_1_505' title='bbox 1448 2473 1636 2503; x_wconf 84' lang='lat' dir='ltr'><strong>omitterent.</strong></span> <span class='ocrx_word' id='word_1_506' title='bbox 1681 2471 1802 2509; x_wconf 81' lang='lat' dir='ltr'><strong>Quibus</strong></span> <span class='ocrx_word' id='word_1_507' title='bbox 1827 2481 1867 2502; x_wconf 79' lang='lat' dir='ltr'><strong>ex</strong></span> <span class='ocrx_word' id='word_1_508' title='bbox 1889 2471 2009 2508; x_wconf 83' lang='lat' dir='ltr'><strong>verbis,</strong></span> 
     </span>
     <span class='ocr_line' id='line_1_44' title="bbox 219 2527 1457 2569; baseline 0.001 -15"><span class='ocrx_word' id='word_1_509' title='bbox 219 2533 281 2564; x_wconf 84' lang='lat' dir='ltr'><strong>qua</strong></span> <span class='ocrx_word' id='word_1_510' title='bbox 303 2527 423 2557; x_wconf 83' lang='lat' dir='ltr'><strong>ratione</strong></span> <span class='ocrx_word' id='word_1_511' title='bbox 445 2530 581 2559; x_wconf 75' lang='lat' dir='ltr'><strong>&#39;rebrisii</strong></span> <span class='ocrx_word' id='word_1_512' title='bbox 606 2531 848 2560; x_wconf 82' lang='lat' dir='ltr'><strong>commentarius</strong></span> <span class='ocrx_word' id='word_1_513' title='bbox 870 2530 1033 2569; x_wconf 84' lang='lat' dir='ltr'><strong>perfectus</strong></span> <span class='ocrx_word' id='word_1_514' title='bbox 1055 2527 1264 2568; x_wconf 81' lang='lat' dir='ltr'><strong>appellandus</strong></span> <span class='ocrx_word' id='word_1_515' title='bbox 1286 2527 1337 2563; x_wconf 84' lang='lat' dir='ltr'><strong>sit,</strong></span> <span class='ocrx_word' id='word_1_516' title='bbox 1361 2531 1457 2566; x_wconf 86' lang='lat' dir='ltr'><strong>patet.</strong></span> 
     </span>
    </p>
   </div>
   <div class='ocr_carea' id='block_1_5' title="bbox 302 2591 2011 2633">
    <p class='ocr_par' dir='ltr' id='par_1_7' title="bbox 302 2591 2011 2633">
     <span class='ocr_line' id='line_1_45' title="bbox 302 2591 2011 2633; baseline -0.002 -10"><span class='ocrx_word' id='word_1_517' title='bbox 302 2593 602 2630; x_wconf 82' lang='lat' dir='ltr'><strong>Ebu-Challikauus</strong></span> <span class='ocrx_word' id='word_1_518' title='bbox 626 2597 801 2627; x_wconf 78' lang='lat' dir='ltr'><strong>&#39;l&#39;ebrisium</strong></span> <span class='ocrx_word' id='word_1_519' title='bbox 825 2601 889 2626; x_wconf 89' lang='lat' dir='ltr'><strong>tres</strong></span> <span class='ocrx_word' id='word_1_520' title='bbox 913 2595 1154 2626; x_wconf 84' lang='lat' dir='ltr'><strong>commentarios</strong></span> <span class='ocrx_word' id='word_1_521' title='bbox 1176 2596 1207 2623; x_wconf 93' lang='lat' dir='ltr'><strong>in</strong></span> <span class='ocrx_word' id='word_1_522' title='bbox 1232 2594 1393 2624; x_wconf 77' lang='lat' dir='ltr'><strong>Hamasae</strong></span> <span class='ocrx_word' id='word_1_523' title='bbox 1416 2603 1496 2633; x_wconf 87' lang='lat' dir='ltr'><strong>opus</strong></span> <span class='ocrx_word' id='word_1_524' title='bbox 1520 2593 1741 2632; x_wconf 82' lang='lat' dir='ltr'><strong>composuisse</strong></span> <span class='ocrx_word' id='word_1_525' title='bbox 1763 2591 1902 2621; x_wconf 80' lang='lat' dir='ltr'><strong>narravit</strong></span> <span class='ocrx_word' id='word_1_526' title='bbox 1926 2596 1957 2621; x_wconf 87' lang='lat' dir='ltr'><strong>et</strong></span> <span class='ocrx_word' id='word_1_527' title='bbox 1980 2591 2011 2620; x_wconf 88' lang='lat' dir='ltr'><strong>in</strong></span> 
     </span>
    </p>
   </div>
  </div>
 </body>
</html>
