2247 2865
980 96 1252 127 —476—

224 194 393 235 gnarior
421 197 498 223 est.
551 194 690 223 Verbum
717 194 796 223 enim
823 189 944 230 njis-1155
971 194 1040 225 loco
1077 199 1254 227 accusativi
1291 193 1372 226 talah·
1414 202 1474 228 est·
1537 198 1737 230 Sententiam
1765 203 1872 230 autem
1900 209 2016 232 conse-

223 241 376 295 quentem¹
395 258 505 286 verbis
532 256 641 286 inesse
669 266 729 286 non
757 265 865 297 posse,
893 257 1086 287 scholiastes
1106 258 1193 299 dixit,
1224 269 1320 299 quum
1348 261 1391 291 ita
1418 269 1533 291 sensus
1560 266 1819 301 corrumperetur
1847 266 1880 291 et
1906 261 2016 292 inver-

222 324 356 359 teretur,
386 324 419 349 ut
446 320 489 349 sic
519 328 638 349 sensus
666 318 904 348 constituendus
932 324 1037 349 esset:
1066 321 1146 350 Eum
1174 331 1235 350 non
1263 323 1390 352 invenio
1419 327 1450 354 et
1477 323 1633 362 quomodo
1652 323 1772 353 videbit
1793 324 1811 353 i.
1831 334 1860 353 e.
1889 324 1916 354 si
1944 333 2015 354 eum

222 381 431 417 invenissem,
460 381 605 420 profecto
632 380 780 409 vidisset.
833 380 1022 410 Sententiae
1049 383 1275 421 consequentis
1303 374 1456 414 rationem
1485 394 1581 425 esse,
1615 390 1650 415 ut
1687 395 1705 415 e
1743 385 1847 424 priore
1877 384 2016 424 pendeat

222 443 296 472 sive
323 453 376 473 res
404 444 581 473 affirmetur
606 443 678 472 sive
710 446 857 483 negetur,
886 443 1016 473 eandem
1045 446 1196 475 rationein
1224 454 1371 484 sequens
1411 446 1519 475 Talem
1548 452 1655 476 autem
1682 456 1814 476 sensum
1843 456 1933 487 eum,
1961 447 2015 486 qui

222 505 252 534 in
278 515 377 535 versu
413 507 579 546 loquatur,
619 505 760 544 proferre
788 506 940 535 noluisse.
1002 506 1120 536 Similis
1156 512 1262 536 autem
1299 508 1377 536 ratio
1413 507 1442 536 in
1477 509 1631 547 particula
1657 525 1675 547 9
1704 509 1872 548 sequentis
1897 516 2022 540 versus,

220 568 397 601 invenitur:
426 566 530 611 (metr.
553 564 679 611 Camel)
706 564 819 606 „Aac
840 567 930 602 2942&
949 568 988 597 535
1007 567 1092 606 ελιδε
1105 568 1157 614 st:
1175 568 1239 597 ιδεμ
1260 565 1320 609 μί,
1338 567 1432 600 ,κβ
1454 582 1504 615 0¹²
1521 575 1569 599 aaz·
1588 569 1612 600 §l
1647 573 1708 601 Ne
1742 571 1926 601 indolem
1953 572 2013 600 in·—

221 629 428 671 terdicas,
465 641 547 670 qua
584 636 626 661 tu
662 634 752 670 ipse
779 632 1007 672 praeditus
1036 634 1140 672 es¹);
1167 642 1252 662 nam
1281 634 1314 662 si
1341 632 1473 670 facis,
1510 643 1692 675 magnum
1719 635 1791 664 tibi
1819 633 2011 664 dedecus

222 691 314 720 erit.
367 691 529 722 Suffixum
557 693 587 722 in
614 702 697 723 voce
726 691 794 733 Μελίη
820 693 859 723 ad
887 695 1010 724 oculum
1037 694 1240 725 referendum
1268 700 1332 736 est,
1360 699 1393 726 ut
1421 706 1499 734 opes
1527 697 1618 725 oculo
1646 697 1782 726 tributae
1808 699 1881 726 sint.

218 787 251 816 5.
287 786 544 828 Quotiescunque
566 793 667 829 effeci,
702 795 737 820 ul
766 791 879 820 mulier
908 793 1041 829 vesperti
1069 792 1170 821 velum
1198 803 1291 822 suum
1319 795 1415 829 capili
1437 793 1601 830 mlliquret,
1632 794 1717 832 quod
1743 796 1833 822 rento
1865 793 2012 831 aquilone

983 847 1147 876 disieclmn
1171 850 1247 876 erat.

318 912 388 954 Hoc
415 913 444 942 in
472 923 570 944 versu
598 914 771 955 gloriatur,
811 924 848 944 se
877 916 1061 945 mulieribus
1091 921 1146 946 aut
1176 917 1279 956 captis
1308 920 1361 946 aut
1388 916 1507 946 territis
1535 926 1627 956 opem
1660 917 1795 956 tulisse,
1831 920 1865 946 ut
1892 921 2010 946 metum

220 972 401 1004 abiicerent.
442 976 602 1005 Describit
626 977 798 1017 mulierem,
829 987 908 1016 quae
934 983 1055 1008 terrore
1079 980 1209 1018 impleta
1237 990 1298 1009 non
1324 979 1597 1018 animadvertens,
1624 979 1730 1009 velum
1757 989 1775 1009 a
1801 979 1885 1009 facie
1911 983 2010 1008 vento

218 1035 387 1068 disiectum
426 1049 523 1078 esse,
561 1049 653 1079 quum
691 1040 792 1078 ipsum
831 1040 1052 1071 advenientem
1093 1042 1341 1080 conspexisset,
1377 1041 1545 1080 tranquilla
1581 1041 1686 1070 velum
1724 1049 1815 1070 suum
1842 1039 2011 1080 adligaret.

220 1097 320 1136 Quum
348 1106 455 1131 autem
483 1105 553 1141 ipsc
581 1112 679 1132 causa
706 1107 808 1139 esset,
839 1107 873 1132 ut
899 1102 1010 1132 mulier
1039 1103 1146 1132 velum
1174 1103 1343 1144 adligaret7
1371 1114 1436 1133 rem
1464 1104 1522 1134 sibi
1551 1104 1612 1144 ipsi
1639 1103 1756 1133 tribuit.
1809 1101 2011 1132 Scholiastes

218 1163 354 1199 putavit,
392 1162 475 1192 illam
503 1163 649 1193 feminam
678 1165 830 1194 matutina
856 1165 1035 1195 incursione
1063 1167 1224 1204 captivam
1252 1166 1367 1197 factam
1395 1168 1433 1197 ab
1461 1167 1605 1198 hostibus
1633 1167 1799 1197 abductam
1825 1169 1856 1196 et
1885 1165 2010 1196 demum

217 1224 358 1262 vespera
396 1225 536 1255 adventu
574 1232 689 1265 poetae
726 1228 889 1258 liberatam
925 1228 1039 1258 fuisse.
1101 1229 1217 1268 Aquilo
1250 1229 1476 1259 vehementem
1515 1234 1647 1259 ventum
1685 1228 1848 1269 designat.
1908 1227 2010 1257 Poeta

216 1285 385 1316 Almtarah
415 1288 453 1317 ob
485 1289 634 1318 auxilium
666 1289 848 1319 mulieribus
876 1291 1061 1328 praestitum
1088 1291 1179 1321 simili
1199 1291 1291 1321 modo
1312 1292 1482 1332 gloriatur:
1503 1292 1612 1330 (metr.
1633 1291 1757 1330 NVafir)
1779 1293 1879 1323 &aba
1897 1291 2009 1334 mss,

216 1346 312 1393 saiji
342 1346 418 1385 ⁵132le
446 1355 532 1382 :2⁸⁴9
558 1353 620 1390 αἱ,
650 1353 717 1391 [με
743 1340 824 1388 &2⁷25
857 1351 1217 1393 Quotiescunque
1245 1364 1263 1384 a
1290 1354 1487 1394 muliere,
1529 1363 1633 1393 quae
1667 1354 1712 1384 ad
1746 1363 1914 1384 cursum
1941 1363 2008 1383 oe-

217 1412 345 1441 lerem
375 1412 595 1443 iumentum
625 1415 898 1456 impellebat5
928 1418 1094 1455 equites
1122 1416 1278 1456 repuli,
1306 1426 1419 1455 quum
1450 1417 1524 1446 iam
1553 1417 1591 1445 in
1619 1426 1664 1446 eo
1691 1421 1836 1457 esset,
1870 1419 1914 1445 ut
1939 1414 2008 1444 ha-

216 1476 358 1506 benam
393 1478 638 1515 proiiceret.
702 1479 749 1508 De
777 1478 895 1508 Malioo
923 1478 951 1507 b.
980 1478 1178 1517 Nowairah,
1206 1480 1295 1509 cuius
1323 1489 1341 1510 a
1369 1479 1513 1509 Chaledo
1541 1479 1636 1509 occisi
1666 1480 1696 1508 in
1722 1478 1853 1508 scholiis
1890 1477 2008 1507 mentio

215 1537 301 1567 facta
328 1543 391 1579 est,
419 1539 565 1569 conferas
595 1540 728 1570 Hamas.
757 1551 786 1580 p.
817 1543 866 1570 l·”v·
894 1550 964 1581 sqq.

213 1634 247 1663 6.
289 1635 336 1664 Et
357 1638 602 1675 quotiescunque
624 1639 718 1676 effeci,
743 1641 778 1666 ul
797 1647 952 1675 qenerosa
975 1639 1095 1674 mulier,
1120 1649 1199 1677 qnae
1221 1640 1354 1677 superbo
1375 1642 1486 1668 marito
1509 1649 1606 1668 curae
1621 1642 1720 1675 esset,
1745 1639 1908 1677 compedes
1928 1648 2008 1668 suas

1016 1694 1200 1723 ostenderet.

313 1761 384 1791 Hoc
411 1761 440 1790 in
467 1772 567 1792 versu
594 1763 785 1793 contrarium
814 1767 934 1793 statum
963 1763 1124 1793 describit.
1177 1764 1222 1793 Se
1249 1763 1428 1794 incursione
1455 1766 1485 1793 in
1513 1764 1652 1794 hostium
1681 1769 1799 1794 terram
1819 1764 1904 1795 facta
1922 1763 2005 1794 effe-

214 1823 312 1863 cisse,
344 1830 377 1854 ut
405 1825 551 1855 mulieres
579 1834 760 1866 generosae
788 1835 829 1854 ex
857 1826 992 1855 tentorio
1021 1826 1216 1865 prodeuntes
1245 1828 1342 1857 celeri
1382 1837 1474 1858 cursu
1512 1829 1646 1858 salutern
1685 1832 1853 1866 peterent,
1893 1829 1938 1857 ita
1972 1832 2007 1857 ut

213 1887 317 1916 annuli
343 1893 544 1926 apparerent,
572 1889 685 1927 quibus
711 1888 811 1927 pedes
839 1889 940 1918 ornati
969 1893 1087 1919 essent.
1139 1889 1257 1919 Marito
1295 1892 1400 1919 autem
1438 1891 1533 1919 istius
1572 1891 1710 1920 mulieris
1737 1891 1919 1930 superbiam
1946 1890 2005 1919 tri-

214 1948 324 1978 buisse
352 1949 489 1989 videtur,
517 1954 550 1980 ut
576 1949 739 1987 indicaret,
767 1959 837 1979 cum
866 1955 1029 1990 potentem
1064 1955 1096 1980 et
1130 1950 1243 1980 fortem
1280 1959 1366 1979 esse.
1431 1951 1513 1980 Dum
1554 1955 1661 1980 autem
1697 1951 1844 1981 hostibus
1878 1949 2005 1980 laudem

214 2009 366 2048 tribuunt,
398 2019 488 2040 suam
525 2020 650 2050 quoque
683 2016 811 2051 augent.
865 2012 957 2041 Voce
983 2010 1101 2049 degis>
1131 2017 1163 2042 et
1189 2009 1315 2046 ὁῐὲκλέ-
1341 2013 1468 2051 annuli,
1510 2014 1621 2053 quihus
1659 2014 1809 2045 inferiora
1846 2024 1939 2045 crura
1973 2016 2005 2044 in

213 2072 397 2101 mulieribus
425 2073 617 2102 ornabantur
644 2078 699 2103 aut
725 2083 802 2103 auro
829 2078 884 2103 aut
911 2079 1045 2115 argento
1074 2073 1208 2104 confecti
1227 2073 1459 2115 significantur.
1490 2076 1596 2106 conf.
1617 2076 1731 2106 Reisk.
1752 2076 1792 2107 ad
1811 2075 1918 2106 Taras.
1937 2080 2001 2106 not.

212 2144 242 2174 p.
276 2135 355 2164 116.
382 2144 468 2164 verS.
496 2135 566 2164 infr.
595 2140 628 2165 et
654 2137 786 2167 Hamas.
813 2146 843 2176 p.
871 2139 916 2167 ΛΜ*
941 2136 1013 2166 infr.

210 2243 232 2272 7
265 2243 311 2272 Et
332 2245 452 2282 quoties
475 2246 611 2280 ‹rytm'nis
635 2246 865 2281 ›1i91·1'cantibus
883 2247 1029 2284 faciebus
1049 2246 1197 2284 praeclui.
1221 2247 1346 2274 strenui
1365 2249 1401 2274 ut
1421 2246 1536 2283 leones,
1561 2255 1657 2285 quum
1679 2246 1803 2276 catulos
1818 2245 2002 2286 defendunt,

309 2313 344 2342 ln
370 2313 429 2342 hoc
456 2323 566 2351 versu,
597 2313 647 2352 qui
675 2323 744 2343 cum
773 2320 929 2353 sequente
954 2316 1116 2354 cohaeret,
1140 2325 1178 2345 se
1205 2320 1353 2354 tanquam
1380 2314 1493 2345 ducem
1521 2317 1681 2347 exercitus
1700 2316 1822 2346 strenui
1841 2314 2000 2345 describit.

211 2375 394 2405 Exercitum
421 2376 503 2405 illum
531 2376 600 2406 sole
627 2376 758 2406 adustas
787 2377 885 2406 saeies
915 2377 1102 2418 habentem,
1132 2383 1166 2408 ut
1192 2378 1275 2407 bello
1303 2377 1524 2408 adsuefactum
1559 2389 1635 2408 esse
1671 2379 1871 2419 designaret,
1911 2377 2000 2416 dixit,

210 2441 276 2465 tum
304 2441 338 2466 ut
366 2437 579 2467 fortitudinem
607 2438 676 2467 eius
705 2447 861 2467 summam
888 2447 964 2467 esse
991 2439 1154 2477 indicaret,
1184 2449 1255 2470 eum
1275 2450 1341 2470 cum
1362 2441 1506 2471 leonibus
1527 2443 1652 2472 catulos
1673 2441 1882 2472 defendentes
1910 2450 1999 2471 com-

210 2499 337 2537 paravit
364 2499 489 2537 (conf.
521 2501 630 2529 Ham.
658 2511 687 2540 p.
717 2499 762 2529 ἱοιΩ
787 2511 820 2530 ν.
843 2501 872 2530 1.
899 2511 929 2540 p.
957 2499 1004 2530 ΫῚἹ
1032 2511 1064 2530 v.
1085 2502 1116 2531 2.
1133 2504 1221 2542 eto).
1275 2504 1345 2534 Hoc
1371 2505 1400 2534 in
1429 2514 1529 2534 versu
1552 2505 1712 2535 adiectiva
1737 2507 1803 2551 δὲ*
1823 2508 1854 2534 et
1882 2503 1998 2545 deu-273,

229 2582 256 2613 l)
275 2582 352 2606 Prius
371 2583 560 2607 hemistichium
579 2583 604 2607 in
625 2583 762 2613 proverbii
780 2583 999 2608 consuetudinem
1019 2585 1093 2608 venit
1111 2586 1204 2609 conf.
1224 2586 1301 2610 Meid.
1320 2587 1350 2611 C.
1369 2588 1414 2618 23,
1433 2588 1499 2611 420.
