2247 2865
987 99 1252 129 —484—

225 218 336 239 vocem
370 206 452 237 haud
490 211 593 246 regat.
644 203 762 234 Similis
792 200 939 240 loquendi
972 200 1084 230 modus
1117 200 1148 229 in
1182 209 1282 230 versu
1320 206 1436 238 poetae
1465 198 1678 239 Ainabeghah
1715 201 1872 238 reperitur
1909 200 2016 239 (metr.

224 269 374 310 Wafir):
404 268 712 300 Prehendimus
740 270 837 304 post
866 273 954 293 eum
983 263 1109 293 funes
1136 262 1279 299 vitae,
1307 262 1442 292 onius
1471 262 1626 292 dorsum
1656 261 1783 292 tuber
1810 266 2020 292 resectum

225 334 374 370 habet,
410 331 533 372 gibbo
570 338 723 360 carens
747 326 796 368 ¹),
831 337 890 356 nec
927 335 988 355 non
1017 326 1046 356 in
1083 334 1182 354 versu
1211 324 1375 355 Albai-etsi
1402 325 1432 355 b.
1459 324 1610 354 'l'hsaiem
1638 321 1735 366 (vixit
1764 328 1905 362 tempore
1933 324 2020 364 regis

224 396 359 426 Ahmrui
386 395 415 425 b.
443 389 636 433 Alnohman)
666 392 772 429 (metr.
801 388 944 427 Wafir):
985 387 1098 418 Gens
1133 397 1220 416 mea
1256 396 1381 425 neque
1408 387 1654 417 Tsahiabah
1681 387 1710 416 b.
1737 386 1852 417 Sahd
1888 395 2021 426 neque

226 456 411 488 Fesarah
439 461 524 496 est,
552 456 680 484 cuius
708 452 819 482 colla
847 451 1038 481 crinibus
1068 454 1178 479 tecta
1205 453 1318 478 sunt.

225 555 257 585 8.
288 554 390 591 Quasi
415 563 511 590 snper
533 561 639 581 eorum
662 552 759 579 armis
779 549 890 587 planta
918 548 1032 579 I‘Vars.
1068 549 1160 576 cuius
1184 547 1316 575 colorem
1343 556 1438 576 cenae
1461 548 1493 574 in
1517 549 1674 575 exteriore
1696 555 1792 575 mmm
1815 550 1946 575 [ramere
1966 550 2022 574 met

977 604 1171 638 piymeulum
1196 604 1253 628 esl.

327 678 359 706 ln
387 677 449 707 hoc
479 685 596 715 versu,
634 676 685 713 qni
714 674 743 703 in
772 672 929 703 Mersukii
959 671 1068 701 codice
1095 670 1316 710 desideratur,
1356 670 1465 699 leones
1495 669 1575 698 istos
1604 674 1751 708 tanquam
1781 674 1934 699 cruentos
1962 669 2022 698 de·-

226 743 348 784 pingit,
385 750 519 781 quornm
547 739 647 778 pedes
675 737 853 767 anteriores
882 735 1037 775 sanguine
1065 732 1269 772 praedarum,
1307 741 1385 771 quas
1421 733 1654 768 laceraverint,
1691 732 1800 762 infecti
1827 732 1900 761 siut.
1954 732 2021 761 Sed

226 805 309 836 haud
337 807 461 834 omnino
490 807 579 832 recte
608 802 720 842 egisse
747 799 887 839 videtur,
916 799 966 837 qui
997 796 1107 826 leones
1136 795 1194 824 loci
1223 794 1383 834 Chafijjah
1411 797 1500 834 ipsos
1528 782 1727 835 describens⁷
1755 796 1889 825 vocibus
1910 797 2021 836 &atyn

226 874 259 899 et
285 865 408 917 5?oess
436 876 515 906 quae
543 865 665 895 nonnisi
683 864 712 893 in
738 862 915 892 hominibus
943 860 1161 896 adhibeantur,
1189 868 1268 888 usus
1293 859 1345 888 sit.
1400 859 1512 888 Planta
1539 876 1616 904 αι),
1646 869 1663 888 a
1686 859 1880 898 Sprengeiio
1910 858 2019 887 histor.

225 933 273 962 rei
299 931 387 961 herb.
415 931 451 959 Τ.
481 931 503 959 Ι.
531 939 559 969 p.
589 928 668 958 258.
700 926 800 965 (conf.
829 925 964 955 Avicen.
994 934 1022 963 p.
1051 924 1108 960 ΗΟ)
1139 923 1340 962 inemecylon
1368 923 1546 952 tinctorium
1577 922 1737 962 appellata
1771 926 1833 951 est.
1885 921 2020 951 Dubium

225 1004 287 1024 non
315 997 376 1031 est,
404 993 476 1032 quin
504 992 641 1022 colorem
667 990 793 1019 rubrum
821 987 937 1018 efficiat
965 985 1065 1025 (conf.
1094 986 1184 1015 llam.
1215 996 1244 1024 p.
1272 987 1325 1014 Vni*⁸
1355 995 1386 1014 v.
1415 984 1477 1023 2).

990 1081 1255 1115 CLxxlx.

350 1154 492 1189 Dixit
516 1152 708 1195 Solmijj
733 1152 775 1185 l».
798 1149 1001 1184 Rabiah
1025 1157 1052 1181 e
1075 1149 1221 1189 geute
1243 1147 1534 1181 Banu-l’Sid
1557 1147 1603 1180 b.
1627 1147 1895 1181 Blnahbah.

228 1223 300 1267 (p.
323 1223 448 1264 2²2.)
551 1229 585 1256 ln
604 1224 789 1265 explicando
811 1223 934 1252 nomine
952 1221 1021 1261 sid,
1049 1229 1110 1259 quo
1138 1219 1231 1259 lupus
1259 1220 1471 1261 significatur,
1500 1219 1693 1250 scholiastes
1709 1219 1886 1257 adnotavit,
1914 1219 2019 1258 lupam

226 1290 346 1329 ἒϋῖιλμ
372 1292 545 1332 appellari3
582 1289 640 1319 sed
674 1289 797 1318 litteras
824 1285 863 1331 υἱ
889 1286 961 1314 voci
987 1289 1062 1320 Qu·
1090 1282 1214 1312 additas
1243 1291 1299 1321 pro
1328 1282 1423 1311 nihilo
1452 1282 1542 1311 visas
1573 1291 1658 1311 esse.
1712 1281 1790 1311 Mihi
1818 1286 1925 1311 autem
1953 1290 2020 1310 vox

226 1355 342 1401 050⁴&
368 1364 482 1384 nomen
510 1353 709 1384 collectivum
740 1350 886 1389 videtur,
915 1347 999 1387 quod
1028 1347 1100 1376 oiim
1128 1350 1272 1384 tanquam
1300 1346 1473 1386 singularis
1498 1345 1687 1381 adhibitum,
1719 1355 1801 1375 nunc
1829 1344 2016 1381 obsoletum,

226 1418 373 1448 feminino
401 1415 521 1452 'stiiQm
549 1415 701 1456 originem
729 1413 823 1442 dedit.
876 1412 1003 1441 Nomen
1033 1409 1188 1439 Dhahbah
1215 1408 1253 1437 ab
1276 1408 1347 1437 aliis
1377 1408 1472 1436 rebus
1502 1408 1531 1436 in
1559 1407 1711 1436 hominem
1730 1407 1930 1446 translatum,
1958 1414 2019 1435 va-

225 1480 289 1509 rias
316 1489 419 1509 rerum
446 1478 574 1518 species
602 1476 762 1517 designat.

227 1577 254 1606 l.
284 1576 471 1606 Tamadhira
493 1576 560 1604 locu
583 1578 698 1603 remoto
720 1573 874 1607 substitit,
899 1581 972 1600 nam
995 1572 1027 1599 in
1050 1569 1132 1598 valle
1156 1568 1187 1597 F
1187 1568 1255 1605 alth*
1276 1568 1411 1602 habitat,
1436 1568 1508 1596 dum
1530 1575 1610 1604 qens
1631 1570 1685 1594 tua
1709 1568 1741 1594 in
1764 1566 1830 1594 Ioco
1855 1565 1970 1595 Allien
1992 1569 2023 1594 e!

1018 1624 1167 1654 Alleallat
1187 1625 1243 1652 esl.

326 1704 415 1734 Uxor
442 1707 555 1743 poetae
584 1703 635 1740 (nt
662 1701 810 1739 videtur)
838 1698 1030 1729 Tomadhira
1060 1697 1219 1736 appellata
1247 1706 1263 1726 a
1291 1696 1400 1725 marito
1428 1705 1464 1724 se
1491 1704 1659 1735 separans,
1688 1694 1772 1734 quod
1799 1703 1877 1733 opes
1901 1693 2019 1733 perde-

226 1771 273 1797 ret
300 1773 332 1797 et
361 1766 510 1806 periculis
538 1774 575 1794 se
604 1768 799 1802 exponeret,
836 1761 875 1791 ad
903 1765 1030 1801 gentem
1061 1769 1151 1789 suam
1181 1759 1329 1789 redierat.
1383 1759 1520 1787 Maritus
1549 1759 1658 1787 uxoris
1689 1763 1719 1787 et
1748 1759 1912 1788 liberorum
1939 1767 2016 1788 suo-

226 1840 293 1860 rum
322 1830 482 1859 desiderio
511 1828 623 1867 plenus
652 1827 750 1856 hosce
776 1834 895 1854 versus
923 1823 1064 1862 protulit.
1097 1822 1297 1852 Scholiastes
1326 1830 1382 1850 eos
1409 1821 1581 1859 vituperat,
1607 1822 1658 1859 qni
1679 1820 1881 1857 contendunt,
1909 1829 2019 1860 gram-

226 1893 372 1922 maticum
400 1889 576 1921 Sibawaihi
603 1889 733 1919 formam
757 1886 854 1931 με’-..3
880 1886 1047 1925 omisisse,
1084 1885 1199 1924 quippe
1235 1892 1347 1912 nomen
1385 1882 1518 1911 futurum
1555 1882 1668 1910 tertiae
1702 1882 1790 1910 verbi
1819 1882 1939 1911 formae
1965 1881 2017 1911 sit.

226 1956 350 1985 Nomen
378 1954 547 1984 Tomadhir
575 1962 697 1993 quoque
721 1953 844 1991 poetria
872 1950 1001 1980 Chansa
1030 1947 1189 1987 appellata
1217 1948 1331 1987 gessit.
1384 1944 1475 1983 Fatdj
1510 1945 1605 1974 vallis
1641 1950 1712 1985 est,
1751 1955 1807 1984 per
1842 1954 1934 1983 quam
1966 1945 2020 1974 via

226 2019 363 2048 Bazram
397 2017 503 2056 ducit,
540 2021 573 2045 et
604 2015 736 2045 Alhiliat
774 2015 832 2043 loci
867 2021 981 2041 nomen
1010 2012 1040 2040 in
1068 2015 1152 2039 terra
1189 2009 1296 2049 gentis
1324 2008 1631 2045 Banu-Diiabbah3
1671 2008 1723 2037 alii
1750 2014 1854 2038 autem
1883 2007 2020 2037 Athallat

226 2082 473 2120 pronunciantes
504 2084 609 2108 terrae
636 2077 822 2107 salebrosae
852 2076 881 2105 in
909 2074 1020 2105 eadem
1049 2076 1180 2115 regione
1208 2073 1292 2102 sitae
1320 2082 1433 2101 nomen
1460 2081 1535 2101 esse
1563 2072 1677 2102 dicunt.
1722 2072 1839 2102 Alliwa
1864 2076 1916 2101 est
1940 2081 2017 2102 are-

226 2154 284 2174 nae
312 2143 483 2183 contiguae
511 2151 635 2171 nomen.
685 2141 771 2169 Inter
798 2144 965 2178 utramque
993 2137 1155 2177 regionem
1182 2135 1334 2165 distantia
1361 2135 1470 2165 decem
1495 2134 1614 2164 dierum
1642 2140 1713 2164 est.v

228 2244 258 2271 2.
283 2241 346 2270 Est
367 2250 404 2268 ac
427 2241 456 2268 si
478 2241 510 2267 in
534 2238 633 2266 oculis
656 2233 777 2276 (meis)
797 2244 936 2272 ymnum
959 2233 1159 2271 carynphylle'
1181 2235 1237 2260 aut
1259 2231 1431 2269 Andropon
1453 2232 1587 2260 ᾹήΓιΙιιε
1608 2234 1650 2260 sit
1663 2253 1671 2270 ‚
1695 2233 1807 2270 quihus
1829 2231 1947 2270 adfecti
1966 2231 2017 2260 Ια-

979 2289 1096 2324 crymis
1120 2289 1260 2315 nzanant.

325 2362 473 2393 Ostendit
500 2371 536 2391 se
563 2361 602 2390 ob
629 2360 804 2389 absentiam
831 2360 943 2387 uxoris
970 2362 1058 2386 tanta
1086 2356 1216 2385 tristitia
1243 2354 1414 2391 adfectum,
1443 2360 1477 2384 nt
1503 2364 1632 2393 semper
1661 2354 1761 2394 ploret
1791 2359 1822 2384 et
1854 2354 2013 2394 iacryma-

227 2436 295 2456 rum
330 2424 449 2455 fluxum
477 2424 592 2453 sedare
619 2433 679 2452 non
707 2423 829 2462 possit,
862 2422 951 2459 quasi
979 2421 1060 2449 ocuti
1087 2420 1156 2449 eius
1184 2419 1255 2448 istis
1286 2417 1407 2446 duabus
1437 2418 1552 2456 rebus,
1589 2426 1668 2455 quas
1697 2417 1853 2455 nominat,
1887 2425 2017 2455 semper

225 2487 423 2518 adficiantur.
476 2486 570 2524 Quod
597 2491 669 2525 post
697 2494 811 2514 nomen
838 2483 958 2513 formae
983 2482 1086 2512 dualis
1114 2479 1236 2527 Ost-‘23²3‘
1265 2480 1398 2523 verbum
1433 2479 1554 2508 formae
1587 2479 1760 2519 singularis
1787 2478 1944 2519 adhibuit,
1986 2477 2015 2508 id

244 2599 275 2630 1)
294 2600 358 2624 Vita
375 2606 434 2623 cum
453 2599 555 2623 camelo
574 2601 731 2628 comparata
749 2600 800 2628 est,
818 2604 870 2628 quo
889 2597 966 2620 homo
986 2596 1102 2620 vehitur.
1137 2596 1195 2619 Hoc
1214 2595 1239 2618 in
1259 2602 1338 2618 versu
1358 2595 1415 2618 vita
1433 2594 1526 2618 infelix
1545 2593 1722 2625 significatur.
