2247 2865
979 77 1250 109 -427—

212 187 302 216 turn
331 177 772 219 nostrum‚quando
798 185 879 208 nos
907 178 1246 218 transit‚slne
1273 176 1410 208 dubio
1434 176 1787 219 divulgabitur.
1817 182 2002 215 Metute

214 241 426 271 liberavi
465 246 511 271 et
547 241 674 271 Deus
714 244 915 279 reparat
948 245 994 270 et
1028 240 1068 269 in
1105 241 1353 279 patientia
1388 241 1648 279 praemium
1682 246 1776 283 est,
1818 246 2003 283 quando

214 303 529 334 calamitates
558 303 800 342 adparent.
854 302 2001 343 Ethiseptuagintavobis(denarii)eiusloco

213 369 398 396 suntet
426 374 509 405 pro
537 365 602 395 iis
629 364 853 394 ancillam
882 364 974 394 tibi
1009 365 1183 395 utilem
1218 365 1432 395 suturam
1466 374 1579 395 esse
1617 371 1743 406 puto.
1797 369 1846 399 Ei
1883 374 2002 404 male

213 428 305 468 sit,
344 428 420 467 qui
457 432 678 457 mortuus
718 432 815 468 est,
855 428 1170 466 necveroci,
1211 436 1330 466 quae
1364 428 1406 457 in
1435 429 1670 468 sepulcro
1698 440 1795 461 cum
1823 442 1872 462 eo
1900 444 2003 465 con-

214 490 383 519 iuncta
417 494 493 519 est
525 489 772 527 (ancillam
827 489 960 527 Quod
1000 500 1018 520 a
1053 491 1146 520 Deo
1184 490 1439 521 decretum
1468 491 1582 532 fuit,
1611 493 1816 525 accidit.
1871 495 2001 534 Quod

213 553 254 581 si
306 551 679 592 intelligentia
734 553 1124 591 (mansuetudo)
1176 553 1390 582 stultum
1443 563 1531 583 non
1585 554 1793 588 cohibet
1847 568 2004 599 neque

211 614 354 655 gimor
393 614 495 653 Dei,
537 614 733 655 gladius
773 615 974 645 stultum
1015 614 1220 645 cohibet.
1273 615 1378 645 Eum
1407 615 1875 660 deplorabituxor¹)
1905 631 2005 661 pra-

213 685 285 716 va,
323 676 451 717 vilis,
491 677 530 706 in
559 686 640 716 qua
667 676 832 707 sordes
866 687 914 706 ex
948 675 1192 706 interiore
1220 676 1343 706 colli
1383 678 1539 707 latere
1574 682 1816 719 unguenti
1849 685 2004 715 vesti-

213 738 338 779 gium
380 739 632 778 indicans,
685 750 782 770 eum
823 740 1136 770 matrimonio
1174 739 1410 779 iunctum,
1463 749 1590 779 quem
1632 742 1760 772 Deus
1800 744 2004 778 divitiis

215 811 301 832 non
343 802 598 833 ditaverat
642 808 685 833 et
732 804 806 843 qui
851 803 1099 843 nescivit,
1143 812 1204 832 me
1242 802 1409 831 throni
1450 805 1752 841 possessori
1791 807 2005 843 obedire.

216 865 331 895 Eius
360 866 572 896 dedecus
603 868 803 908 removi,
845 867 1020 897 eteius
1048 866 1277 906 (dedecus
1313 866 1643 905 removentis)
1683 867 1837 899 locum
1875 873 2006 902 tenui

216 932 260 957 et
290 927 331 956 id
359 929 524 967 quoda
555 930 648 959 Deo
677 929 998 969 decernitur,
1037 931 1142 958 eius
1180 927 1513 957 advenientis
1553 928 1658 958 loca
1695 939 1784 960 non
1811 932 2006 963 obstru-

217 993 372 1019 untur.
426 990 555 1031 Dico,
593 991 692 1022 dum
721 993 770 1022 de
799 994 898 1023 fine
926 993 1036 1023 eius
1064 990 1552 1030 infortuniicogito:
1592 991 1619 1022 Ο
1657 993 1707 1022 mi
1746 994 1892 1026 Deus!
1930 1006 2006 1027 ve-

217 1052 335 1080 niam
365 1050 436 1091 da,
474 1061 568 1081 uam
595 1054 741 1083 venia
769 1059 849 1084 tua
877 1055 1025 1094 ampla
1053 1058 1139 1082 est.
1192 1053 1289 1093 Ego
1328 1062 1542 1093 magnum
1578 1055 1749 1085 crimen
1787 1059 2007 1089 commisi

217 1118 262 1142 et
289 1113 340 1142 ob
370 1114 592 1145 timorem
621 1117 726 1146 mihi
762 1117 1203 1156 supervenientem
1230 1115 1282 1145 ad
1309 1119 1434 1144 teme
1461 1115 1502 1144 in
1530 1114 1710 1160 clino'ss).
1764 1119 1851 1149 Vae
1879 1120 2005 1162 mihi,

216 1175 255 1205 si
283 1175 393 1205 mihi
421 1185 508 1206 non
536 1178 802 1220 condonas,
828 1180 939 1209 etin
968 1180 1134 1220 gratia
1170 1172 1289 1216 tua³)
1317 1177 1426 1206 mihi
1453 1179 1775 1209 inter-cessor
1801 1190 1889 1212 non
1917 1187 2005 1213 est.

219 1237 618 1269 Adsociosmeos
646 1242 1185 1282 redii7qui0pinionem
1214 1239 1267 1268 de
1294 1249 1356 1268 me
1384 1240 2007 1285 malamconceperant,me

218 1309 377 1330 omnes
413 1301 742 1341 deplorantes
784 1305 1138 1344 timentesque.
1201 1301 1462 1331 Dicebant:
1505 1301 1566 1332 01>
1603 1303 2008 1338 sollicitudiuem

218 1365 368 1394 cibum
396 1375 481 1395 non
509 1368 829 1407 gustavimus
858 1373 899 1398 et
927 1373 967 1398 te
995 1368 1201 1397 absente
1229 1373 1356 1393 nemo
1384 1363 2006 1401 nostrumsomnoindulsit.

222 1428 298 1457 Eis
333 1433 488 1458 autem
524 1429 650 1459 dixi:
695 1430 978 1470 Quiescite,
1020 1427 1133 1458 mihi
1162 1431 1318 1456 autem
1347 1436 1364 1456 a
1392 1427 1536 1456 vobis
1566 1428 1762 1459 absenti
1801 1432 2008 1462 nuntius

221 1496 401 1520 eratet
428 1492 556 1521 Deus
585 1492 762 1522 videns
791 1492 1090 1531 audiensque
1117 1494 1201 1520 est.
1252 1490 1316 1518 Ne
1344 1494 1499 1519 autem
1533 1493 1608 1520 vir
1644 1492 1695 1521 ob
1724 1494 1900 1523 mortis
1929 1503 2008 1525 me-

220 1558 308 1583 tum
338 1554 566 1584 iniuriam
594 1555 826 1585 admittat
853 1563 1000 1592 neque
1027 1556 1253 1592 cupiens,
1291 1557 1337 1581 ut
1364 1557 1562 1582 mortem
1598 1553 1787 1595 vincat,
1826 1558 2008 1595 cupiat.

219 1616 355 1646 Silentio
394 1616 704 1654 praetermittendum
735 1626 797 1646 non
831 1622 902 1654 est,
939 1616 1148 1654 scholiasten,
1184 1618 1217 1643 ut
1249 1614 1380 1652 probet,
1417 1614 1516 1643 verbo
1543 1611 1623 1648 Aa}
1651 1612 1686 1658 (l.
1714 1612 1763 1658 5.)
1790 1617 1920 1657 regendi
1946 1618 2010 1648 vim

218 1678 379 1717 amisisse,
408 1686 537 1707 versum
566 1683 752 1717 sequentem
779 1678 955 1708 adnotasse
983 1678 1020 1716 (l.
1049 1678 1117 1715 6.):
1146 1678 1255 1714 (metr.
1284 1676 1414 1714 Basith)
1442 1676 1566 1715 Num,
1604 1688 1622 1707 o
1656 1679 1718 1708 vir
1747 1680 1869 1719 vilis,
1910 1691 2007 1712 ver·

221 1741 338 1770 sibus
367 1745 495 1769 metro
524 1740 687 1779 Redjes
716 1741 966 1780 compositis
994 1739 1085 1769 mihi
1111 1738 1300 1777 minaris,
1328 1739 1433 1768 etin
1460 1740 1684 1781 versibus,
1712 1744 2010 1784 put0,vilitas

223 1808 263 1832 et
290 1802 498 1832 debilitas
527 1807 593 1833 est
617 1800 651 1846 (i.
680 1813 709 1833 e.
738 1804 788 1843 qui
816 1808 936 1833 tantum
963 1802 1112 1831 versibus
1137 1801 1284 1841 minatur,
1313 1801 1414 1830 minas
1443 1810 1503 1830 non
1530 1802 1713 1845 perficiens,
1743 1805 1770 1834 is
1797 1806 1892 1836 vilem
1919 1807 2009 1837 debi-

223 1864 345 1904 lemque
371 1873 408 1893 se
435 1864 556 1902 probat.

1023 1931 1235 1965 (mxlv.

481 1985 620 2019 Dixit
643 1986 857 2020 Ali-ahin
880 1987 924 2020 h.
949 1986 1089 2028 Sijau
1116 1984 1328 2018 ,uilisita
1352 1987 1471 2022 (conf.
1496 1987 1592 2017 Meid.
1615 1987 1645 2027 6,
1672 1989 1752 2027 11.).

326 2060 410 2089 Ante
435 2057 691 2088 Mohammedem
717 2059 832 2088 vivens
871 2064 1031 2098 tempore,
1068 2067 1130 2097 quo
1158 2057 1278 2086 Kaisus
1305 2057 1334 2086 b.
1363 2056 1479 2087 Soliair
1506 2057 1537 2086 in
1563 2057 1713 2088 Arabiam
1742 2059 1865 2092 felicem
1894 2072 2011 2093 seces-

223 2125 321 2158 serat,
346 2129 463 2150 versus
492 2120 579 2150 dixit.

229 2193 255 2222 1.
280 2192 399 2221 lsmsus
422 2195 531 2220 contra
554 2202 601 2220 me
620 2195 724 2220 terras
747 2191 821 2220 belli
837 2192 967 2229 stamma
988 2191 1141 2224 accendit,
1167 2194 1212 2228 ut,
1236 2200 1332 2228 quum
1355 2192 1512 2228 arderent,
1537 2193 1682 2222 celeriter
1703 2195 1811 2223 abiret.

327 2261 374 2291 Ob
402 2265 564 2290 certamen
592 2261 672 2290 inter
701 2269 801 2300 equos
829 2260 938 2290 Dahes
966 2264 999 2289 et
1027 2258 1157 2290 Ghabra
1185 2259 1301 2290 bellum
1328 2260 1472 2301 longum,
1501 2267 1535 2291 ut
1561 2261 1685 2301 ferunt,
1715 2262 1922 2304 quadraginta
1950 2274 2009 2293 an-

247 2348 277 2379 1)
297 2348 325 2371 Si
345 2351 443 2370 rectum
463 2350 511 2375 est,
531 2347 600 2376 quod
620 2352 699 2371 antea
717 2347 837 2378 legimus,
857 2347 972 2370 occisum
993 2345 1076 2368 ruisse
1095 2346 1243 2376 innuptum,
1263 2350 1307 2369 aut
1324 2347 1427 2377 legendi
1447 2347 1540 2370 modus
1558 2350 1648 2370 rectus
1666 2353 1719 2369 non
1738 2349 1788 2377 est,
1804 2350 1851 2369 aut
1869 2353 1966 2371 versus
1986 2348 2012 2372 in

294 2403 361 2426 hanc
380 2409 432 2425 rem
453 2408 505 2424 non
524 2405 586 2424 sunt
604 2401 675 2424 dicti.
711 2402 874 2425 scholiastes
893 2404 980 2424 autem
1002 2400 1113 2428 monuit,
1132 2400 1185 2430 legi
1205 2407 1308 2432 quoque
1333 2411 1392 2436 ‘3⁴⁸⁶'
1424 2396 1466 2429 ‘ol
1496 2404 1601 2424 mater
1618 2407 1733 2430 prava.

245 2452 276 2481 2)
295 2452 332 2475 De
350 2454 457 2480 sacyus
483 2451 506 2473 in
533 2450 626 2473 codice
651 2457 700 2474 suo
726 2450 785 2474 loco
809 2451 885 2474 vocis
903 2443 983 2493 &bo
1001 2449 1103 2473 invenit
1120 2444 1200 2495 {juo
1227 2455 1430 2481 prostratus
1452 2458 1536 2481 sum,
1562 2451 1632 2481 quod
1660 2450 1867 2480 praeferendum
1895 2453 2011 2481 putav-ir.

296 2501 363 2525 Huic
381 2502 507 2525 assentiri
527 2508 578 2525 non
599 2508 714 2531 possum.

247 2554 278 2584 3)
297 2555 347 2580 Pro
365 2561 432 2580 voce
449 2548 530 2588 ‹ik-'⁸42
550 2557 576 2580 in
595 2558 627 2581 de
645 2557 728 2587 sacyi
748 2557 840 2581 codice
857 2547 938 2588 ‘jug-'³
958 2556 1121 2586 propheta
1140 2558 1217 2579 tuus
1236 2557 1287 2579 est.
