2247 2865
923 84 1192 115 —539—

167 184 323 215 l'Aswadi
354 184 478 216 Aldoali
507 184 639 214 recitent
670 183 778 219 (metr.
809 181 962 218 Rumam:
991 182 1155 213 Utinam
1184 184 1350 223 scirem,
1378 194 1581 224 quaenam
1611 196 1678 216 res
1708 187 1834 217 amico
1865 197 1946 218 meo

165 248 202 277 in
237 256 378 278 amore
412 246 745 287 supervenerit,
784 250 823 274 ut
860 255 942 275 eum
979 241 1267 284 relinqueret!
1322 246 1405 275 Fieri
1442 256 1566 287 quoiue
1595 257 1690 287 posse
1725 249 1820 289 dixit,
1857 256 1889 280 ut
1918 250 1946 280 in

165 319 263 341 versu
289 310 389 340 verbo
417 308 663 349 deponendi
690 307 881 347 significatio
910 307 1074 337 tribuatur.
1130 308 1260 338 l’oetaui
1289 308 1383 338 alium
1411 309 1457 338 sie
1484 310 1642 339 cecinisse
1669 308 1773 351 (metr.
1790 308 1945 354 Thau-il):

167 373 286 413 Opes
329 372 593 412 familiaque
636 371 695 400 nil
735 374 835 399 sunt
876 370 958 399 nisi
998 369 1246 409 depositum
1288 376 1331 400 et
1374 371 1593 411 deposita
1639 382 1715 401 non
1757 380 1947 412 possunt

167 443 243 464 non
270 434 396 465 reddi.

969 527 1119 561 CCUI·

207 595 348 630 „11ss
379 596 589 639 .ᾸΙΙ)θΙῚΙ]
624 597 670 630 b·
703 594 897 630 ΠΙοδΙΙέΙ·
931 593 1173 635 Tflnijjfla.
1229 597 1330 630 [Ante
1362 597 1510 625 lslamum
1542 601 1684 635 tempore
1715 597 1785 627 belu
1817 599 1907 628 Alsa-

947 650 1004 679 sad
1030 651 1170 684 vivens.)

167 732 195 762 1.
219 731 318 770 Apud
338 733 440 762 Deum
465 743 579 771 queror
601 734 747 766 attritum,
772 741 861 769 quem
884 740 963 762 (mlo,
988 731 1023 757 ob
1046 733 1110 757 fres
1132 739 1193 761 res,
1219 738 1352 767 quarum
1378 729 1532 767 qmwlibet
1553 740 1601 758 me
1623 731 1774 765 deprimit.

267 813 361 853 Apud
389 814 490 844 Deum
519 815 587 843 sine
614 813 704 844 dubio
732 817 866 852 questus
897 817 963 852 est,
995 811 1078 852 quod
1104 811 1317 850 querimoniae
1345 811 1518 841 hominibus
1546 814 1684 841 iactatae
1720 807 1787 849 (ΙΙ.
1812 808 1951 850 305.)

170 876 230 906 hae
256 877 287 905 in
315 886 348 906 re
376 876 502 906 inutiles
530 876 727 905 videbantur.
758 875 831 904 Vox
848 875 962 914 Κίρ-μὲ,
990 884 1070 912 quae
1101 874 1129 902 in
1157 883 1238 912 aqua
1263 873 1471 904 decrescente
1501 875 1633 904 maxime
1661 874 1839 916 adhibetur,
1868 875 1951 906 haud

171 939 343 968 convenire
369 938 496 968 videtur
525 944 554 968 et
584 939 611 967 ni
641 938 743 976 sanor.
776 943 806 967 ut
826 937 1073 967 homoioteleuto
1090 936 1275 973 satisfieret,
1305 936 1443 966 adhibita
1460 942 1521 966 est.
1552 937 1739 966 Mersukius
1757 936 1845 978 dixit,
1872 946 1952 976 poc-

171 1005 230 1031 tani
256 1001 351 1039 velle,
377 1011 414 1031 se
441 1003 589 1031 emaciari
619 1006 649 1032 et
677 1002 870 1032 alacritatem
898 1010 986 1031 suam
1016 1000 1076 1030 illis
1103 1000 1199 1029 rebus
1229 998 1366 1028 diminui.

169 1115 202 1143 2.
239 1113 313 1144 Una
344 1124 453 1143 earnm
482 1118 550 1153 est,
583 1117 668 1153 quod
698 1116 788 1144 collis
821 1124 982 1153 nunquam
1016 1115 1122 1143 dumos
1151 1117 1278 1142 nostras
1311 1116 1456 1142 continet.
1501 1113 1528 1143 0
1556 1114 1670 1143 collis!
1703 1117 1826 1143 torrens
1861 1117 1934 1144 tuus

953 1169 1154 1197 deminuatur
1165 1167 1180 1196 Ι

268 1249 351 1278 Tres
380 1248 450 1278 illas
479 1258 551 1289 reS,
581 1258 711 1288 quarum
738 1252 769 1280 in
795 1250 899 1290 priore
926 1259 1023 1280 versu
1050 1251 1236 1279 mentionem
1266 1248 1408 1288 fecerat,
1436 1254 1608 1278 enumerat.
1662 1250 1707 1279 Se
1735 1260 1803 1280 cum
1831 1260 1869 1280 eo
1896 1259 1955 1280 eo-

172 1311 243 1342 dem
272 1313 340 1342 loco
367 1321 526 1352 nunquam
555 1312 762 1343 habitaturum
790 1322 866 1342 esse
900 1313 982 1343 dicit.
1036 1312 1122 1341 Mala
1155 1311 1251 1351 igilur
1287 1311 1359 1341 colli
1395 1313 1608 1352 imprecatur,
1643 1312 1694 1342 ubi
1730 1312 1842 1342 domus
1876 1322 1955 1343 suae

172 1375 360 1405 coniunctae
393 1385 453 1404 non
488 1377 557 1405 sint.
613 1376 646 1405 ln
684 1375 743 1405 hoc
778 1380 884 1405 autem
920 1384 1096 1404 moerorem
1133 1373 1293 1414 ostendit,
1330 1374 1412 1412 quod
1448 1374 1485 1403 ab
1521 1377 1620 1404 amico
1654 1380 1820 1414 separatus
1856 1377 1955 1405 vivat.

173 1437 373 1468 Scholiastes
401 1438 491 1474 dixit.
522 1448 633 1468 vocem
661 1436 693 1467 §1
722 1438 859 1468 futurum
887 1443 948 1468 tam
976 1447 1044 1468 curn
1073 1436 1178 1466 vocali
1206 1436 1361 1465 Dliamma
1389 1445 1480 1475 quam
1509 1445 1578 1466 cuin
1604 1437 1708 1466 vocali
1736 1437 1839 1467 Fatha
1865 1439 1958 1477 sequi

174 1521 284 1552 posse.
338 1513 392 1542 Illo
429 1519 558 1552 recepto
587 1513 624 1558 Ol
652 1523 729 1543 esse
762 1522 818 1552 pro
855 1503 915 1558 J),
951 1514 1040 1552 quasi
1075 1511 1211 1541 dixerit:
1250 1507 1274 1538 ὃ
1300 1509 1341 1538 adl
1380 1510 1501 1548 (conf.
1530 1511 1659 1540 Anthol.
1689 1521 1789 1552 gram.
1817 1522 1846 1551 p.
1876 1513 1956 1543 248.

175 1573 286 1605 Gram.
314 1575 411 1604 Arab.
439 1576 532 1604 T.11.
559 1586 587 1614 p.
605 1575 689 1615 22).
726 1576 854 1615 Duplex
881 1580 987 1605 autem
1016 1574 1067 1605 ille
1094 1572 1220 1614 legendi
1247 1572 1358 1602 modus
1385 1573 1415 1602 in
1442 1572 1510 1602 loco
1539 1573 1655 1603 Corani
1683 1574 1773 1611 (Sur.
1803 1574 1860 1611 20,
1881 1575 1958 1614 91.)

174 1636 343 1665 invenitur.
398 1637 486 1666 Voce
512 1636 579 1665 iul.»
606 1641 720 1669 terram
747 1638 884 1676 elatam,
921 1648 938 1667 e
966 1647 1028 1676 qua
1065 1641 1189 1665 torrens
1225 1634 1254 1663 in
1291 1635 1406 1664 vallem
1441 1634 1579 1675 defluat,
1615 1634 1785 1675 significari
1818 1637 1958 1667 scholia-

175 1701 242 1726 stes
268 1696 397 1727 adnotat
425 1703 457 1727 et
485 1699 528 1727 rei
556 1699 736 1737 probandae
763 1709 860 1729 causa
881 1699 1081 1738 proverbium
1100 1697 1203 1728 adfert
1223 1693 1322 1738 (cons.
1344 1693 1481 1725 Me'idan.
1510 1696 1546 1725 Τ.
1562 1697 1614 1725 111.
1643 1697 1675 1729 Ρ,
1691 1697 1727 1726 ll.
1755 1695 1958 1739 Nr.3196.).

177 1758 211 1788 ln
239 1760 417 1798 posteriore
444 1770 563 1790 versus
597 1768 687 1800 parte
723 1763 834 1791 collem
869 1761 1059 1802 alloquitur,
1093 1771 1185 1801 quem
1218 1760 1344 1790 modum
1382 1760 1529 1799 loquendi
1561 1761 1718 1789 sermonis
1753 1759 1845 1798 periti
1879 1769 1962 1790 voce

178 1819 324 1850 technica
350 1820 453 1849 mam-:t
481 1822 681 1861 appellarunt
710 1823 808 1861 (conf.
837 1824 919 1853 Diw.
939 1823 1174 1853 Amru-l‘Kaisi
1200 1823 1250 1853 ed.
1277 1823 1306 1852 il.
1335 1822 1373 1851 de
1393 1822 1491 1851 Slaue
1518 1831 1548 1860 p.
1571 1822 1650 1851 125.
1671 1827 1703 1851 et
1721 1822 1812 1851 lexic.
1829 1823 1962 1861 meum).

181 1881 300 1911 Similis
328 1882 472 1921 loquendi
503 1886 612 1916 modus
639 1887 668 1915 in
702 1896 802 1916 versu
831 1887 947 1926 Djeriri
980 1887 1139 1916 invenitur
1171 1885 1280 1923 (metr.
1310 1883 1456 1922 Wafir):
1497 1882 1660 1920 Quando
1698 1885 1886 1914 tentoria
1922 1887 1962 1914 in

184 1942 277 1973 loco
305 1943 584 1975 Dsu-'rholuh
609 1944 632 1988 ¹)
666 1945 819 1978 erunt?
873 1948 899 1978 0
928 1958 999 1978 vos
1034 1950 1216 1978 tentoria
1255 1948 1396 1987 pluvia
1431 1941 1669 1986 irrigemini!
1723 1946 1876 1987 Scimus,
1903 1956 1963 1976 no-

182 2008 265 2036 mina
295 2007 432 2047 propria,
461 2017 542 2046 quae
569 2009 721 2047 pluribuS‚
749 2020 840 2049 quam
869 2011 969 2041 tribus
997 2011 1110 2040 litteris
1139 2010 1317 2050 composita
1342 2014 1428 2049 sunt,
1456 2010 1486 2038 in
1514 2009 1691 2039 invocando
1711 2010 1858 2039 breviora
1877 2009 1965 2039 reddi

183 2077 281 2107 posse
311 2069 411 2107 (conf.
442 2069 551 2100 Gram.
582 2071 678 2100 Arab.
707 2072 743 2100 Τ.
770 2072 808 2101 11.
840 2083 870 2112 p.
898 2073 954 2103 92.
983 2072 1114 2112 Amyya
1143 2083 1171 2112 p.
1199 2077 1269 2111 Λο);
1299 2073 1359 2102 alia
1389 2076 1494 2102 autem
1522 2073 1644 2101 nomina
1671 2077 1725 2101 aut
1753 2072 1884 2101 articulo
1911 2076 1966 2100 aut

184 2132 244 2162 alio
271 2132 364 2162 modo
391 2132 520 2162 definita
547 2135 610 2162 sint
636 2132 772 2163 necesse
800 2133 944 2164 habetur.
999 2134 1091 2172 Quod
1128 2144 1205 2164 vero
1239 2139 1334 2173 poeta
1368 2143 1482 2163 vocem
1508 2131 1560 2180 ἐῢ
1587 2133 1786 2162 nihilominus
1816 2135 1885 2162 sine
1912 2133 1965 2162 lit-

184 2199 251 2225 tera
278 2200 291 2224 3
317 2197 513 2235 enunciavit,
541 2194 671 2225 huiusce
698 2196 743 2225 rei
770 2205 869 2225 causa
897 2196 926 2225 in
954 2206 992 2225 eo
1020 2197 1200 2236 quaerenda
1227 2202 1296 2237 est,
1325 2197 1406 2236 quod
1438 2206 1532 2226 unum
1566 2197 1698 2235 collem,
1737 2205 1830 2234 quem
1859 2199 1965 2224 mente

185 2258 329 2298 cogitat⁷
356 2263 428 2287 aute
455 2258 566 2286 oculos
594 2257 758 2296 habuerit,
792 2263 824 2288 et
851 2268 933 2288 voce
960 2257 1028 2287 aaz
1055 2260 1083 2288 in
1111 2260 1300 2290 advocanda
1329 2265 1476 2300 tanquam
1504 2260 1629 2289 nomine
1658 2259 1784 2298 proprio
1811 2267 1890 2287 usus
1915 2258 1965 2287 sit.

185 2319 342 2349 Namirita
369 2319 578 2358 explicandae
605 2321 695 2350 vocis
721 2320 790 2349 :tal-i
817 2330 915 2350 causa
942 2321 1143 2360 proverbium
1171 2322 1301 2353 adtulit:
1335 2324 1429 2352 »Non
1458 2327 1563 2352 metuo
1592 2322 1650 2351 nisi
1677 2325 1849 2350 torrentem
1877 2319 1967 2350 collis

185 2383 266 2412 mei«
297 2383 335 2421 (i.
362 2392 390 2411 e.
421 2385 615 2422 propinquos
643 2384 762 2422 meos).
815 2385 884 2414 Hoc
912 2384 1115 2423 proverbium
1142 2387 1173 2414 in
1188 2385 1339 2415 Meidanii
1367 2394 1463 2424 opere
1492 2393 1552 2413 non
1582 2383 1718 2423 legitur3
1746 2381 1804 2411 sed
1833 2390 1969 2421 prover-

186 2444 270 2474 bium
297 2444 370 2475 huic
397 2445 498 2475 simile
525 2445 563 2475 C.
591 2445 649 2485 24,
681 2445 758 2475 100.
786 2446 976 2476 invenimus.
1021 2446 1197 2476 Proverbia
1223 2453 1328 2477 autem
1357 2451 1388 2477 et
1415 2450 1534 2476 mutata
1561 2451 1592 2475 et
1619 2449 1714 2474 aucta
1740 2453 1816 2473 esse
1844 2442 1970 2474 ostendi

206 2562 233 2591 1)
253 2563 282 2585 ln
301 2562 410 2586 Kamusi
429 2569 508 2593 opere
529 2568 622 2585 nomen
642 2562 693 2585 loci
713 2568 770 2584 esse
788 2560 909 2591 legimus.
945 2560 991 2585 Nil
1009 2562 1041 2584 de
1057 2562 1109 2585 situ
1128 2562 1243 2586 additur.
