2247 2865
947 109 1217 140 —161—

186 212 257 242 cibo
284 210 346 251 ipsi
375 211 482 242 oblato
509 219 620 251 parum
646 211 768 240 tantum
795 213 950 250 sumeret,
977 208 1074 239 dixit:
1112 208 1185 249 Ego
1220 213 1253 239 te
1286 208 1453 250 sanguinis
1488 209 1618 240 ultorem
1645 214 1732 248 puto.
1773 208 1979 241 Chidaschus

184 277 293 303 autem
307 282 403 312 quum
417 272 562 313 vestigia
576 270 690 311 pedum
715 271 784 300 eius
804 271 1030 309 observasset,
1059 270 1148 301 dixit:
1178 270 1283 300 Huius
1302 270 1427 300 iuvenis
1447 279 1502 310 pes
1522 270 1594 309 pedi
1614 269 1775 301 Chnthimi
1801 269 1978 300 simillimus

186 336 287 374 est1).
315 336 397 365 Tum
424 342 528 375 genus
553 341 646 362 suum
671 332 783 362 dicens
810 332 968 363 adventus
996 342 1129 363 eausam
1155 333 1317 372 exposuit.
1347 332 1546 363 Chidnschus
1563 332 1593 362 ei
1609 331 1705 362 dixit:
1733 331 1862 361 Occisor
1880 330 1978 370 patris

185 396 229 427 tui
256 396 408 436 patruelis
436 404 523 426 meus
551 398 613 435 est,
642 403 735 433 quem
763 394 791 424 si
819 394 874 424 tibi
901 394 1031 425 tradere
1059 396 1189 436 vellem,
1216 395 1402 435 impedirer:
1433 399 1564 425 atvero
1582 404 1724 434 vespera
1742 394 1781 424 ad
1802 394 1871 424 eius
1893 394 1978 424 latus

185 459 366 496 considam,
400 462 433 488 et
459 458 487 487 si
512 466 606 488 manu
635 459 706 487 eius
734 456 837 486 femur
864 457 1099 496 percutientem
1126 467 1177 487 me
1204 456 1317 497 vides,
1347 457 1471 487 irruens
1498 467 1571 488 eum
1599 451 1729 487 occide!
1770 456 1842 496 Ego
1870 460 1979 485 contra

184 521 328 552 familiam
354 520 425 550 eius
453 524 484 550 te
512 518 707 549 defensurus
725 527 807 548 sum.
839 517 934 556 Quod
954 528 1050 558 quum
1070 519 1265 561 peregisset,
1294 520 1408 550 familia
1427 520 1568 550 insiliens
1587 529 1657 549 eum
1676 518 1820 548 occidere
1838 517 1978 547 volebat.

184 584 265 614 Tum
293 582 494 614 Chidaschus
521 580 722 611 intercedens
751 581 844 622 dixit,
872 591 944 610 eum
971 581 1073 620 putris
1099 584 1275 612 occisorem
1303 592 1448 613 necasse.
1478 582 1596 612 Postea
1617 590 1686 611 eum
1706 590 1744 610 eo
1762 580 1791 609 in
1815 578 1978 620 regionem

183 645 319 676 Bnhrain
346 645 406 675 iter
433 644 520 677 feeit.
548 643 591 673 lbi
616 652 706 682 quum
729 643 768 673 nd
795 644 902 673 vicum
929 644 1010 684 eius,
1039 653 1058 674 a
1084 653 1145 683 quo
1172 653 1255 674 avus
1282 648 1417 674 necatus
1444 648 1547 684 esset,
1563 643 1885 681 appropinquassent,
1900 640 1980 671 Chi-

185 707 328 738 daschus
357 706 440 746 apud
467 705 636 736 rotundum
664 715 782 736 arenae
820 707 934 736 collem
973 715 1012 736 se
1047 705 1231 736 occultavit.
1282 706 1327 735 At
1353 704 1474 734 Kaisus
1501 703 1541 733 ad
1568 703 1622 733 avi
1646 703 1824 733 occisorem
1846 700 1980 731 veniens

186 769 282 800 dixit:
311 768 415 807 Quum
442 769 471 799 in
499 774 615 799 terram
642 774 787 800 vestram
817 770 952 801 veniens
986 770 1018 800 in
1051 769 1100 799 his
1139 769 1245 800 arenis
1280 777 1450 809 versarer,
1485 767 1611 806 quidam
1645 767 1725 796 latro
1761 765 1869 807 gentis
1904 770 1979 796 tuae

185 832 312 862 obviam
339 833 475 861 veniens
503 840 549 860 me
577 830 749 870 praedatus
777 836 838 861 est.
865 831 917 861 Ad
946 836 978 862 te
1004 833 1102 873 igitur
1127 832 1214 873 veni,
1242 836 1277 861 ut
1302 840 1422 861 mecum
1450 831 1575 860 vehens
1603 839 1655 860 res
1686 828 1760 859 mihi
1788 821 1859 867 [11-
1883 823 1979 867 8².)

183 898 314 934 ereptas
332 893 376 924 ilii
395 893 550 923 auferres.
595 894 655 924 Vir
679 902 769 933 quum
793 893 981 932 quibusdam
1012 896 1121 936 gentis
1151 904 1231 925 suae
1263 893 1432 924 comitandi
1460 892 1643 923 mandatum
1674 891 1831 931 dedisset,
1858 891 1980 920 Kaisus

183 956 263 987 risit.
315 956 397 986 Tum
416 955 507 993 alter,
535 955 608 994 quid
628 956 721 986 risum
740 961 829 986 tuum
845 953 969 986 movit?
997 957 1197 997 interrogans
1218 956 1278 986 hoe
1296 965 1488 995 responsum
1504 955 1591 986 tulit:
1620 953 1656 985 Si
1674 957 1824 993 princeps
1851 956 1981 983 nostrae

184 1018 290 1061 geniis
324 1018 458 1056 fuisset,
494 1017 584 1047 modo
618 1022 673 1048 tuo
708 1027 771 1047 non
805 1018 951 1058 egisset3
987 1018 1046 1048 sed
1082 1018 1170 1048 solus
1198 1018 1349 1049 auxilium
1375 1020 1407 1048 in
1434 1027 1469 1048 re
1496 1021 1631 1058 rogatus
1659 1016 1774 1047 exiret.
1825 1015 1915 1045 Haec
1942 1013 1981 1043 ob

188 1081 288 1111 verba
313 1080 364 1110 vir
390 1089 459 1110 cum
497 1079 592 1110 sociis
629 1080 734 1119 ipsum
776 1080 1001 1110 comitantibus
1035 1080 1124 1110 exire
1156 1080 1266 1110 noluit.
1319 1080 1416 1110 Solus
1452 1079 1551 1120 igitur
1584 1078 1710 1108 vehens
1748 1076 1788 1107 ad
1815 1083 1981 1106 arenarum

186 1143 301 1173 coilem
329 1142 427 1172 venit.
480 1143 525 1172 lbi
552 1152 647 1182 quum
675 1142 879 1173 Chidasehus
906 1152 1024 1173 versus
1051 1153 1125 1173 euin
1154 1152 1292 1185 surgens
1312 1152 1352 1173 ex
1378 1142 1517 1173 adverso
1536 1145 1736 1180 versaretur,
1762 1140 1884 1170 Kaisus
1908 1149 1980 1169 eum

183 1201 434 1247 hypoehondrio:
458 1205 612 1235 confosso
650 1205 777 1236 occidit.
838 1206 970 1244 Aliquot
996 1205 1063 1236 dies
1090 1207 1121 1236 in
1148 1205 1254 1236 arenis
1282 1215 1320 1235 se
1347 1204 1569 1243 occultabant,
1603 1202 1706 1232 donec
1734 1202 1835 1243 (gens
1862 1201 1981 1240 occisi)

183 1278 201 1298 a
229 1268 450 1308 persequendo
489 1268 670 1299 desisteret.
733 1269 813 1299 Post
850 1269 880 1299 in
917 1274 1034 1300 terram
1068 1278 1161 1298 suam
1193 1267 1328 1297 rediere.
1387 1266 1452 1300 *llic
1492 1273 1611 1295 sensus
1636 1264 1742 1294 verbis
1770 1263 1863 1294 inest.
1918 1263 1981 1293 »Et

185 1332 338 1363 auxilium
366 1332 437 1362 mihi
464 1332 536 1362 tulit
562 1332 592 1362 in
618 1340 656 1361 eo
684 1331 899 1361 Ebu-Ahmru
926 1332 955 1361 b.
983 1331 1095 1362 Ahmir
1122 1330 1316 1361 Ciiidasch.u

183 1469 216 1498 6.
240 1468 311 1505 Eyo
333 1470 436 1497 autem
459 1470 506 1496 vir
528 1477 624 1502 eram,
648 1470 711 1506 qui,
738 1470 987 1506 quotiescunque
1008 1467 1196 1503 viluperium
1213 1465 1367 1498 audiebat,
1394 1464 1461 1492 eius
1484 1465 1697 1499 lequmentum
1719 1471 1738 1490 a
1751 1471 1785 1491 se
1802 1459 1979 1498 remoriffl).

285 1562 328 1591 Et
350 1560 469 1602 legitur
495 1560 574 1608 &mi
605 1570 678 1591 cum
705 1561 870 1591 vocalibus
901 1561 1025 1599 passivi
1053 1559 1175 1589 formae
1202 1563 1352 1598 quartae:
1385 1558 1577 1596 »Nunquam
1605 1556 1645 1587 ad
1667 1566 1761 1587 aures
1781 1566 1870 1587 meas
1899 1566 1981 1587 con-

185 1622 300 1653 vicium
327 1622 487 1663 pervenit,
516 1623 606 1652 cuius
633 1626 849 1663 tegumentum
874 1631 936 1651 non
963 1621 1105 1652 removi«
1134 1621 1154 1650 i.
1193 1630 1220 1650 e.
1253 1629 1292 1650 eo
1325 1621 1393 1660 tegi
1426 1618 1608 1649 audientem
1644 1628 1764 1658 passus
1802 1628 1863 1649 non
1893 1628 1979 1658 sum3

185 1685 243 1716 sed
269 1685 301 1715 id
329 1686 451 1724 retexi,
482 1690 516 1716 ut
542 1686 659 1722 sciret,
686 1685 886 1716 mendacium
913 1684 944 1715 id
971 1693 1046 1715 esse
1073 1687 1183 1714 contra
1209 1691 1258 1713 me
1285 1682 1441 1725 prolatum
1468 1685 1521 1712 aut
1546 1682 1621 1711 velo
1647 1681 1827 1722 detegendo
1852 1681 1980 1722 signifi-

185 1757 259 1778 care
285 1747 368 1787 vult,
395 1747 427 1777 id
453 1757 472 1778 a
498 1756 536 1777 se
562 1749 752 1778 removisse.

185 1871 218 1900 6.
242 1871 282 1900 In
305 1870 383 1899 bello
406 1870 589 1899 vehemente
611 1870 689 1899 milti
709 1871 887 1907 imposilum
911 1872 961 1899 est
981 1870 1118 1898 animam
1141 1876 1302 1905 exponere
1323 1869 1425 1901 morti,
1450 1867 1524 1896 dum
1548 1876 1616 1896 eam
1640 1875 1830 1896 conservare
1852 1867 1924 1896 noto
1936 1867 1978 1904 ³).

285 1963 376 1994 Voce
402 1971 504 2007 αὔτα
530 1959 738 2006 (vehemens)
764 1962 976 2005 significatur,
1001 1971 1020 1992 a
1046 1962 1145 1991 verbo
1161 1968 1258 2005 σιμ,
1285 1960 1369 2001 quod
1399 1965 1551 2000 »puteum
1570 1959 1651 1989 intra
1666 1959 1821 1998 lapidibus
1837 1962 1976 1990 munire«

188 2021 404 2067 significaffl).
455 2024 592 2065 Legitur
623 2033 746 2064 quoque
781 2021 900 2069 0523,
939 2032 1019 2063 quae
1053 2032 1122 2052 vox
1152 2022 1285 2064 bellum,
1321 2022 1351 2052 in
1379 2031 1439 2062 quo
1469 2031 1531 2051 una
1557 2021 1631 2052 vice
1659 2026 1734 2061 post
1760 2021 1891 2051 alteram
1918 2030 1979 2060 pu-

187 2092 316 2129 gnatur,
340 2085 511 2127 signifieat.

210 2229 239 2261 1)
258 2229 323 2253 Erat
342 2229 471 2258 quaedam
495 2234 540 2252 ars
564 2235 597 2252 ex
620 2229 713 2258 pedum
742 2229 865 2260 vestigiis
893 2230 924 2253 de
949 2229 1054 2254 homine
1079 2230 1261 2254 coniecturam
1289 2229 1389 2252 facere.
1431 2227 1481 2259 Qui
1511 2227 1588 2250 istam
1615 2230 1700 2250 artem
1723 2225 1866 2249 exercebat
1883 2216 1979 2255 Q&

258 2279 462 2309 appellabatur3
481 2284 525 2302 ars
543 2282 629 2303 autem
648 2280 705 2310 ipsa
723 2280 749 2303 in
768 2283 847 2310 gente
860 2278 972 2310 Modlidj
985 2280 1109 2310 frequens
1128 2282 1193 2302 erat.
1214 2279 1297 2303 cons.
1317 2279 1463 2303 Chi-esium,
1476 2285 1558 2301 meam
1569 2281 1708 2308 grammat.
1720 2277 1815 2301 histor.
1835 2275 1899 2305 {hal
1915 2275 1977 2297 infr.

205 2325 238 2356 2)
260 2326 355 2349 Veium
375 2325 398 2348 si
417 2325 561 2355 detegitur,
581 2325 622 2348 rei
640 2326 796 2355 adparentis
815 2325 936 2349 notitiam
963 2325 1118 2354 accipimus.
1161 2325 1298 2355 Loquendi
1323 2326 1415 2348 modus
1439 2331 1455 2347 a
1479 2330 1580 2353 sponsa
1605 2323 1764 2351 desumitur,
1793 2321 1870 2345 cuius
1895 2320 1977 2343 facies

255 2370 316 2395 velo
337 2371 446 2394 obtecta
464 2374 516 2401 est,
535 2377 586 2400 quo
605 2374 708 2395 remoto
727 2372 782 2395 eins
802 2371 885 2395 facies
903 2371 1022 2401 adparet.
1059 2370 1121 2393 Inde
1140 2369 1166 2393 in
1188 2370 1278 2394 varios
1297 2373 1385 2394 status
1405 2370 1569 2394 transfertur
1595 2369 1686 2393 cons.
1706 2369 1804 2393 Cornu.
1823 2366 1870 2397 ⁵0,
1889 2366 1934 2389 20.
1952 2369 1978 2389 et

255 2425 330 2448 flam.
346 2422 397 2450 ‘iov
415 2431 442 2448 v.
461 2425 487 2448 8.

210 2479 243 2509 8)
262 2479 310 2503 uic
328 2486 424 2503 versus
442 2479 469 2503 in
487 2478 620 2502 Mersukii
640 2484 721 2508 opere
739 2478 912 2504 desideratur.

205 2533 238 2561 4)
257 2533 310 2556 Sed
330 2532 392 2556 mihi
410 2539 463 2556 vox
481 2536 583 2572 &25⁸9
602 2532 692 2562 potius
711 2532 844 2556 mordacis
863 2533 1086 2564 significationem
1113 2534 1210 2558 habere
1230 2534 1354 2564 videtur,
1378 2536 1406 2558 ut
1425 2533 1524 2557 benum
1548 2538 1606 2555 cum
1632 2531 1755 2554 mordace
1779 2528 1883 2553 camelo
1902 2534 1976 2552 com-

255 2587 376 2612 paratum
394 2583 438 2606 sit.

1739 2627 1780 2657 21
