2247 2865
1001 96 1272 128 —322—

244 204 402 233 montibus
431 202 618 242 quibusdam
648 202 752 241 ignem
782 199 959 230 accendere
986 198 1086 228 conf.
1115 198 1231 230 Coran,
1260 197 1334 226 Sur.
1363 196 1404 235 5,
1433 196 1490 225 69.
1525 195 1622 225 Meid.
1651 194 1689 225 C.
1718 194 1774 224 25.
1803 194 1861 224 90.
1913 194 2035 224 Bellum

244 271 350 296 autem
378 274 450 295 cum
478 266 551 306 igne
580 275 598 295 a
626 265 727 304 poetis
756 273 856 302 saepe
884 265 1084 300 comparatur
1108 260 1212 290 conf.
1241 260 1349 289 Ham.
1380 269 1408 298 p.
1427 261 1463 287 m
1491 269 1523 287 v.
1541 258 1573 287 2.
1594 257 1627 287 3.
1655 257 1757 286 conf.
1783 256 1910 288 Sohair.
1928 257 2034 287 Moall.

243 337 275 360 v.
305 327 362 357 30.
391 332 424 357 et
451 326 671 360 Ebu-Doraid.
703 327 852 354 Makzur.
882 334 912 353 v.
934 323 991 352 94.
1045 323 1240 362 Compar-ant
1269 331 1392 361 quoque
1421 321 1536 350 bellum
1568 330 1637 350 cnm
1666 320 1807 350 muliere.
1860 319 1916 350 Sic
1944 323 2038 358 poeta

244 390 354 429 (metr.
391 389 539 426 Camel):
577 384 668 429 &fg-¹>
705 384 764 423 3„ss
799 383 889 432 kkss'je?
922 387 1011 430 ὀψία·
1049 386 1116 412 aad&
1149 381 1244 428 0)ss
1272 381 1295 411 [a
1322 380 1368 422 &ji
1397 373 1485 427 *³:³⁵⁸
1526 382 1690 412 Bellum
1726 380 1856 411 initio
1896 380 2038 419 puella

244 459 328 487 est,
364 453 531 492 quaein
560 451 687 481 armis
722 450 808 479 suis
842 458 927 479 cum
969 447 1075 476 omni
1112 446 1251 476 stulto
1286 446 1573 475 meretricium
1614 444 1729 477 facit,
1782 443 1858 473 Inde
1885 443 2038 482 sequitur,

244 525 354 544 vocem
383 512 461 559 0³2²
488 513 603 543 bellum
631 511 828 552 significare.
857 510 1009 549 temporis
1037 509 1173 548 spatium
1201 507 1331 547 durans,
1360 512 1393 536 ut
1421 507 1541 536 mediae
1570 507 1687 536 aetatis
1716 506 1838 536 mulieri
1865 505 1967 535 simile
1986 504 2037 535 sit.

244 578 366 607 Bellum
396 576 525 606 accendi
552 577 709 606 Hamas.
737 585 766 614 p.
794 575 838 603 vlo
865 583 897 602 v.
927 573 958 602 4.
987 572 1132 613 legimus.
1187 569 1280 608 Quod
1305 570 1332 598 si
1360 569 1488 598 flamma
1515 569 1599 609 ignis
1628 569 1784 608 adpositis
1813 570 1936 598 crassis
1971 569 2036 597 ari-

243 639 355 677 disque
383 639 478 679 lignis
505 639 621 678 alitur,
649 647 765 678 magna
791 637 825 667 fit
852 639 881 666 in
910 646 1016 665 aerem
1045 645 1082 664 se
1110 634 1271 664 extollens
1302 633 1319 661 i.
1347 642 1375 661 e.
1403 631 1519 661 bellum
1547 632 1721 662 vehemens
1749 631 1794 661 fit.
1848 629 2037 669 Abu-Rija-

242 701 339 730 schus
368 701 496 740 retulit,
536 699 879 739 Ahbd-Almalicnni,
914 707 1008 737 quum
1042 697 1080 727 ab
1109 694 1335 735 Alhadjdjadjo
1365 694 1548 724 rebellantis
1576 693 1890 724 Alihd-Alrahmani
1917 693 1946 722 b.
1975 692 2037 722 Al-

245 761 397 792 asclialits
426 762 454 792 b.
482 762 562 791 Kais
590 761 732 790 nuntium
762 760 957 800 accepisset,
986 759 1213 799 respondisse:
1241 757 1334 796 Quod
1364 759 1493 788 Becrita
1522 758 1652 788 fratrem
1680 768 1771 789 suurn
1800 757 1877 788 Said
1905 757 2035 795 monuit,

242 825 271 855 id
298 826 352 856 tibi
380 825 508 855 suffieit.
562 823 774 864 Hadjdjadjus
802 833 895 863 quum
925 823 1082 861 nesciret,
1114 832 1196 862 qnae
1224 821 1326 851 verba
1352 821 1404 850 ille
1431 821 1621 861 respiceret,
1650 820 1775 860 publice
1802 820 1937 849 nuntiari
1966 820 2035 847 ius-

243 888 305 927 sit,
343 887 395 926 qui
423 897 461 916 ea
497 886 557 925 ipsi
591 887 796 925 indicaveritj
834 886 901 916 eius
937 884 1096 915 desiderio
1130 894 1167 914 se
1194 884 1434 914 satisfacturum
1465 892 1561 921 esse,
1600 888 1632 913 et
1659 892 1750 922 quum
1779 881 1883 911 Arabs
1911 880 2034 920 quidam

245 950 437 990 campestris
465 959 583 978 versus
609 949 669 978 hos
697 950 725 978 ei
754 950 936 989 recitasset,
964 947 1130 987 promissis
1155 947 1256 977 stetit.

1022 1054 1268 1088 vxxvn.
1573 1092 1577 1095 ,

730 1119 870 1155 Dixit
894 1130 1091 1163 quoque
1113 1122 1260 1156 Musa
1283 1121 1328 1154 h.
1353 1118 1553 1161 njamr.

240 1204 268 1233 1.
294 1202 397 1239 Quum
417 1202 555 1241 filiorum
577 1201 710 1230 duorum
733 1200 875 1229 mulieris
897 1199 1124 1229 Almbarilicae
1153 1201 1267 1228 mentio
1294 1200 1346 1237 fit,
1382 1198 1547 1226 brachium
1575 1206 1678 1226 meum
1705 1197 1862 1234 infirmum
1892 1203 1955 1223 non
1976 1197 2034 1231 ρετ,

710 1256 742 1282 et
761 1255 839 1288 eius,
868 1255 959 1282 cuius
982 1254 1020 1282 de
1039 1253 1143 1290 yloria
1166 1256 1257 1288 certo,
1280 1253 1385 1290 pudici
1404 1262 1550 1281 occurro.

342 1326 532 1355 Nominibus
559 1323 643 1353 haud
670 1322 839 1362 appellatis
868 1322 949 1352 duos
981 1323 1069 1352 viros
1096 1332 1137 1351 ex
1165 1322 1318 1352 maiorum
1346 1330 1476 1352 numero
1505 1320 1599 1351 laude
1627 1320 1771 1351 celebrat
1796 1328 1918 1358 eosque
1947 1323 2036 1348 tanta

241 1391 430 1420 celebritate
464 1398 537 1419 esse
574 1387 671 1425 dicit,
708 1391 743 1416 ut.
780 1386 819 1416 de
854 1387 954 1426 gloria
990 1395 1060 1416 cum
1094 1386 1165 1424 ipso
1205 1385 1356 1415 certaturi
1394 1394 1505 1414 omnes
1533 1384 1571 1413 ob
1611 1383 1723 1413 horum
1758 1382 1889 1413 duorum
1924 1381 2034 1411 merita

242 1454 303 1492 ipsi
332 1452 458 1482 cedant.
510 1450 553 1479 Hi
581 1454 688 1479 autern
723 1448 786 1478 duo
819 1447 899 1488 viri,
934 1451 1062 1477 auctore
1097 1448 1299 1488 grammatico
1328 1446 1566 1488 Abu-l‘Neda,
1600 1446 1723 1476 Mirdas
1751 1451 1784 1475 et
1811 1445 1942 1485 Ahmir,
1981 1443 2036 1473 fils:

242 1515 444 1544 Schammasi
471 1514 501 1545 b,
530 1512 601 1551 Laji
629 1511 666 1541 ad
694 1511 843 1540 familiam
870 1509 963 1540 Auf-
975 1509 1122 1539 Alnakah
1152 1512 1364 1549 pertinentes,
1392 1520 1524 1549 quorum
1553 1515 1654 1539 mater
1682 1509 1908 1540 Ahnbariticae
1936 1509 2034 1547 origi-

238 1580 287 1609 nis
319 1582 428 1615 esset,
467 1577 571 1606 fuisse
598 1575 753 1605 dicuntur.
808 1574 906 1603 Erant
934 1573 1027 1613 igitur
1061 1573 1203 1603 acunculi
1242 1576 1366 1611 poetae.
1420 1572 1636 1601 Proverbialis
1673 1575 1723 1602 est
1749 1570 1895 1610 loquendi
1923 1570 2033 1600 modus

240 1641 453 1671 brachium
481 1648 602 1668 meum
631 1641 858 1677 angustum
888 1640 973 1675 est,
1010 1635 1081 1664 inde
1108 1634 1296 1673 derivatus,
1324 1634 1424 1674 quod,
1453 1635 1505 1674 qui
1532 1644 1597 1663 rem
1624 1634 1764 1664 brachiis
1797 1633 1944 1672 amplecti
1971 1642 2032 1662 non

239 1704 339 1743 valet,
367 1712 434 1731 eain
461 1706 557 1729 totam
582 1702 613 1729 in
641 1702 835 1738 potestatem
865 1696 1012 1737 redigere
1041 1706 1101 1725 non
1129 1701 1237 1734 potest
1264 1697 1366 1726 conf.
1396 1697 1498 1726 Harir.
1520 1698 1555 1725 ‘l·.
1607 1696 1733 1727 Podicis
1760 1699 1865 1725 autem
1895 1697 2033 1724 mentio-

239 1776 309 1796 nem
339 1765 413 1795 fecit
440 1763 645 1802 indicaturus,
673 1761 804 1791 alterurn
834 1760 931 1800 fugae
960 1759 1042 1798 turpi
1068 1769 1106 1788 se
1133 1758 1270 1788 dedisse.
1309 1758 1370 1796 Qui
1398 1760 1479 1788 enim
1507 1769 1576 1789 cum
1604 1760 1704 1788 altero
1732 1763 1894 1788 certamen
1921 1758 2032 1799 ingre·

240 1829 333 1869 ditur,
361 1828 495 1856 frontem
524 1826 552 1855 ei
582 1824 731 1854 obvertit.

240 1938 271 1963 2.
295 1936 387 1964 Duae
412 1934 506 1962 lunae
527 1935 610 1961 stent.
634 1933 756 1958 tantum
779 1937 860 1956 onus
884 1929 996 1966 quatis
1018 1927 1118 1956 hieme
1136 1931 1310 1964 parlantes.
1336 1931 1487 1966 qtmnlum
1510 1926 1623 1956 cameli
1644 1936 1705 1955 non
1729 1926 1842 1955 volent.

338 2017 459 2045 Horum
489 2015 630 2044 virorum
658 2013 768 2042 merita
795 2021 959 2050 exponens
988 2010 1073 2049 dicit,
1101 2021 1209 2041 eorum
1238 2010 1393 2040 beneficia
1419 2010 1533 2041 hiemis
1560 2015 1704 2050 tempore
1732 2010 1761 2039 in
1782 2018 1942 2048 pauperes
1962 2008 2030 2037 col·

241 2080 304 2108 lata
332 2082 379 2108 tot
407 2082 559 2116 tantaque
586 2085 675 2116 esse,
715 2080 749 2105 ut
778 2084 875 2104 onera
901 2079 1041 2114 aequent
1071 2083 1208 2114 magna,
1248 2082 1330 2112 quae
1356 2073 1469 2102 cameli
1496 2077 1624 2112 portare
1651 2081 1712 2101 nou
1739 2071 1878 2101 valeant.
1931 2070 2032 2100 Poeta

241 2145 348 2170 autem
375 2138 456 2168 dnos
485 2137 684 2176 comparandi
713 2136 824 2166 modos
852 2137 880 2165 in
908 2145 1007 2164 versu
1034 2135 1208 2174 coniunxit,
1236 2136 1289 2174 qui
1315 2137 1373 2165 vix
1400 2135 1559 2164 coniuncti
1586 2143 1660 2164 esse
1687 2139 1832 2174 possunt.
1866 2134 1933 2163 Eos
1960 2142 2031 2163 cum

237 2202 359 2230 duabus
390 2200 469 2230 lunis
499 2204 531 2229 et
558 2208 626 2228 cum
657 2198 778 2227 duobus
808 2197 936 2226 camelis
965 2197 1120 2226 onerariis
1148 2196 1355 2235 comparavit,
1382 2205 1452 2225 cum
1481 2196 1562 2224 lunis
1591 2196 1630 2224 ob
1657 2194 1860 2234 splendorem
1881 2198 1913 2223 et
1930 2194 2030 2222 lucem

240 2262 307 2292 inde
336 2262 495 2292 diffusam.
547 2262 633 2290 Inter
661 2270 739 2299 quas
768 2259 1022 2298 comparationes
1049 2259 1077 2288 si
1103 2259 1257 2298 quaedam
1284 2268 1404 2288 sensus
1430 2258 1578 2299 cognatio
1609 2266 1683 2287 esse
1712 2255 1817 2296 debet,
1844 2254 1958 2284 nullam
1976 2255 2029 2283 vi·-

239 2327 320 2366 deo,
358 2326 416 2354 nisi
453 2325 482 2353 in
517 2333 575 2359 ee,
613 2322 695 2361 quod
725 2327 820 2361 poeta
847 2323 935 2351 viros
963 2322 1002 2350 ob
1030 2321 1123 2362 ignes
1150 2321 1380 2360 hospitalitatis
1408 2329 1585 2361 accensos,
1625 2320 1740 2360 quibus
1768 2328 1830 2348 nox
1856 2316 2028 2346 sublustris

238 2388 339 2425 fieret,
369 2388 459 2417 lunas
488 2387 709 2426 appellaverit,
763 2385 941 2414 Verborum
971 2391 1104 2412 sensum
1123 2382 1212 2411 vario
1241 2381 1332 2410 modo
1361 2382 1569 2420 explicarunt.
1622 2381 1809 2411 Mersukius
1828 2378 1924 2408 talem
1951 2386 2029 2407 esse

237 2450 330 2480 dixit:
370 2450 392 2479 n
420 2450 481 2479 duo
510 2449 696 2479 celebritate
724 2452 755 2478 et
783 2447 916 2477 utilitate
945 2445 1024 2475 duas
1052 2445 1142 2473 lunas
1172 2444 1311 2472 referunt
1347 2448 1379 2472 et
1406 2449 1549 2483 tempore
1576 2443 1678 2473 sterili
1713 2446 1802 2472 tanta
1833 2449 1931 2470 onera
1967 2440 2027 2469 sibi

236 2514 411 2554 imponunt,
440 2518 484 2553 ιιι,
513 2513 539 2542 si
569 2514 620 2542 illa
648 2521 745 2541 onera
765 2510 933 2548 (corpora)
961 2512 1085 2546 essent,
1111 2506 1223 2536 cameli
1251 2515 1287 2534 ea
1310 2509 1437 2544 portare
1467 2514 1528 2534 non
1559 2505 1698 2536 valeant.
1750 2503 1949 2543 Namaritae,
1977 2502 2027 2541 qui

234 2584 306 2618 eum
335 2579 382 2604 tot
408 2575 437 2604 in
464 2583 502 2603 se
529 2574 632 2603 debita
659 2573 845 2611 suscepisse
873 2574 905 2599 et
933 2573 979 2599 tot
1008 2568 1233 2599 beneficiorum
1262 2578 1359 2597 onera
1387 2568 1563 2597 contulisse
1581 2566 1668 2607 dicit,
1697 2570 1731 2596 ut
1758 2565 1786 2594 si
1807 2564 2026 2604 ponderaret)—
