2247 2865
1012 90 1283 127 —230-

249 183 363 214 m>l>
377 186 410 215 tsi
425 181 517 227 ὁᾲὶί
535 186 687 235 amic-5³:
699 189 797 227 ,ὑὲ
819 188 843 218 Lo
855 194 925 226 ὼν,
945 190 1018 219 »Ad
1038 200 1211 229 quamnam
1219 196 1343 231 portam
1365 192 1511 222 introitus
1527 192 1652 222 veniam
1671 198 1793 232 petam,
1833 198 2043 235 posteaquam

249 258 268 279 a
290 253 392 290 porta,
420 252 509 281 cuius
536 258 646 282 custos
671 262 754 290 sum,
782 252 971 282 removebat
983 248 1022 281 *ἔτι

1050 360 1243 395 LXXV

248 423 391 460 nint
418 425 622 468 quidam
651 424 876 460 familiae
906 425 1086 461 Ahbtl-
1095 425 1318 462 Schams-
1353 436 1482 471 quae
1513 430 1579 465 ad
1606 432 1803 473 ventem
1832 431 2040 503 Fakahs

519 479 672 524 (quae
693 488 811 522 pars
833 479 994 522 gentis
1015 481 1325 517 Banu-Asad
1347 482 1480 528 erat]
1504 484 1774 527 pertineto.

244 559 273 588 Ῑ.
296 559 324 589 0
344 570 397 588 ros
419 560 479 589 duo
504 560 658 595 vehentes,
682 558 781 588 simul
797 560 1041 597 proficiscentes,
1063 561 1154 596 qenti
1174 558 1283 589 Si'nbzs
1304 561 1406 598 dicite,
1432 570 1472 590 ne
1493 571 1606 592 versu-5
1628 564 1765 602 amph'us
1786 564 1891 594 client!

243 622 313 666 (p.
338 623 473 665 130.)
525 629 577 659 Ex
603 638 691 658 more
717 628 862 658 Arabum
888 633 988 667 poeta
1013 627 1094 658 duas
1121 638 1277 668 personas
1306 629 1393 659 initio
1419 630 1569 661 carminis
1597 632 1788 674 alloquitur,
1825 639 1858 664 ut
1894 634 2037 665 nuntium

243 691 405 730 perferant
433 691 538 722 conf.
565 701 595 730 p.
624 691 655 721 iri
684 695 716 720 et
742 691 782 721 im
810 701 842 719 v.
873 690 902 720 1.
955 691 1016 721 Est
1042 695 1150 721 autem
1177 692 1345 733 monitum,
1381 702 1419 721 ne
1447 693 1582 732 amplius
1611 695 1759 726 versibus
1786 697 1937 737 satyricis
1966 706 2035 727 eum

242 753 382 787 laedant.
410 755 533 784 Monito
561 754 622 784 isto
648 754 773 792 prolato
801 763 838 783 se
865 754 970 793 ipsum
998 762 1094 793 supra
1121 753 1193 783 illos
1221 753 1367 792 extollit,
1408 753 1480 784 dum
1508 755 1579 784 illos
1608 755 1727 796 gloria,
1756 766 1848 796 quam
1875 758 1915 788 de
1940 768 1977 788 se
2005 758 2035 788 in

241 816 391 846 versibus
426 815 610 856 praedicent
642 815 724 846 haud
764 816 880 856 dignos
908 824 1007 856 esse,
1048 824 1086 845 se
1123 819 1230 845 autem
1264 815 1478 856 vituperium,
1518 827 1580 857 quo
1616 818 1647 847 in
1687 818 1790 857 ipsum
1827 821 2033 862 invehantur,

240 878 325 909 haud
352 880 485 919 mereri,
520 879 668 909 declarat.
714 879 791 908 Vox
816 876 904 922 ⁸455)
932 886 1040 907 omnes
1068 876 1227 907 vehentes
1256 887 1295 907 eo
1322 884 1484 921 excepto,
1514 882 1566 919 qui
1593 889 1676 920 equo
1704 881 1844 917 vehitur,
1873 882 2033 924 designat.

242 940 377 970 Pluralis
398 941 583 981 irregularis
604 938 699 986 ΟΨ)
727 944 761 970 et
787 938 863 986 ᾤ’)
890 945 962 978 est3
990 939 1020 968 in
1047 939 1097 980 iis,
1124 942 1179 978 qui
1205 940 1279 970 navi
1306 939 1480 982 vehuntur,
1509 930 1632 972 nonnisi
1661 943 1775 983 plurali
1790 941 1875 991 »qai-5)
1892 949 2033 975 utuntur.

239 1002 384 1033 Sinbis
411 1003 549 1033 familiae
576 1013 692 1033 nomen
719 1008 769 1032 est
804 1002 844 1032 ad
870 1007 1002 1043 gentem
1027 1001 1130 1032 Thai
1166 1002 1363 1042 pertinentis.
1405 1004 1515 1035 Verba
1542 1002 1649 1047 [⁴²43st
1673 1002 1807 1039 ..abiah
1833 1007 1957 1037 varium
1984 1008 2034 1037 in-

239 1065 435 1104 terpretandi
461 1065 584 1095 modum
613 1066 784 1106 patiuntur.
826 1064 1061 1095 Grammaticus
1088 1063 1307 1095 Abu-l'Ahla
1335 1065 1436 1107 dixit,
1472 1067 1728 1107 Abu-Rijasohi
1755 1069 1857 1098 verba
1883 1069 2032 1109 indicare,

236 1127 370 1158 verbum
396 1124 484 1160 »5ιώ
511 1128 571 1158 hoc
596 1129 626 1157 in
651 1137 752 1158 versu
780 1125 1035 1166 decerpendi
1063 1125 1094 1155 in
1120 1125 1274 1156 fructibus
1303 1126 1476 1158 adhibitam
1513 1129 1781 1169 significationem
1820 1131 1961 1173 habere,
1999 1137 2032 1161 ut

235 1192 309 1220 voci
337 1187 442 1231 Rip-:553
461 1199 559 1220 casus
585 1190 764 1221 accusativi
792 1192 845 1220 sit.
873 1190 968 1219 Hunc
994 1192 1099 1220 autem
1125 1189 1355 1228 interpretandi
1381 1190 1520 1231 modum,
1548 1192 1601 1231 qui
1628 1192 1761 1231 pulcher
1789 1192 1849 1231 sit,
1876 1193 2032 1233 duplicem

235 1262 369 1283 sensum
397 1254 543 1292 adferre,
579 1264 714 1294 quorum
747 1264 829 1285 unus
856 1255 914 1296 sit,
951 1264 1067 1285 vocem
1093 1249 1182 1287 0212ss
1209 1253 1442 1291 decerpere
1469 1253 1552 1283 idem
1579 1254 1764 1295 significare
1793 1265 1886 1295 quam
1912 1265 2028 1287 vocem

234 1313 303 1366 ebt-i
328 1317 590 1356 abrumpere.
618 1317 772 1347 Hortatur
796 1322 905 1358 poeta,
932 1321 965 1347 ut
991 1324 1145 1346 versuum
1171 1315 1244 1345 finis
1273 1314 1340 1355 fiat,
1367 1323 1464 1354 quum
1488 1315 1567 1344 inter
1586 1319 1751 1356 utramque
1766 1321 1895 1358 gentem
1914 1317 2029 1347 bellum

235 1381 278 1411 sit
305 1382 426 1418 maius,
447 1390 541 1420 quam
568 1380 651 1419 quod
678 1390 798 1410 versus
821 1379 954 1420 satyrici
987 1383 1227 1419 componantur,
1263 1378 1356 1408 Alter
1383 1387 1403 1408 a
1429 1378 1598 1409 Namarita
1623 1388 1741 1410 sensus
1770 1381 1940 1419 expositus
1968 1390 2029 1420 po-

231 1446 341 1487 stulat,
368 1449 403 1476 ut
431 1445 511 1475 ratio
536 1445 711 1474 verborum
737 1444 796 1474 sit:
835 1444 1002 1483 »Decerpe
1028 1441 1114 1482 quod
1141 1441 1292 1482 plantasti
1321 1446 1353 1470 et
1381 1441 1456 1480 ede,
1492 1451 1510 1470 ο
1538 1447 1695 1483 venator,
1731 1452 1857 1473 earnem
1890 1443 2029 1483 praedae

232 1512 307 1537 tuae
334 1501 486 1545 eaptael«
515 1506 534 1535 i.
563 1515 590 1535 e.
619 1507 648 1535 si
674 1505 792 1535 malum
817 1505 855 1534 iis
880 1505 1065 1545 inferimus,
1103 1504 1133 1534 id
1169 1504 1294 1534 fructus
1330 1504 1399 1533 loco
1436 1508 1508 1545 est,
1543 1514 1637 1544 quem
1663 1515 1782 1536 versus
1811 1506 1841 1536 in
1868 1515 1926 1536 nos
1954 1506 2028 1535 dicti

232 1569 381 1598 tulerunt.
411 1568 473 1598 Hic
500 1576 616 1597 sensus
643 1567 853 1597 vehementer
880 1568 1003 1608 placet3
1030 1567 1089 1597 sed
1115 1576 1254 1606 sequens
1284 1576 1401 1597 versus
1429 1567 1563 1608 indicat,
1600 1568 1689 1607 ipsos
1718 1568 1756 1598 iis
1784 1568 1865 1599 sacta
1893 1568 2028 1598 nondum

232 1639 402 1669 pensasse.
430 1629 484 1658 Nil
513 1639 638 1669 quoqne
665 1629 808 1668 impedit,
837 1631 1003 1667 quominus
1029 1629 1127 1659 verbo
1155 1625 1244 1661 μᾶζα-’ἑ
1268 1624 1355 1671 (cum
1383 1631 1507 1658 nomine
1531 1629 1666 1659 actionis
1691 1625 1804 1672 ka'j)
1830 1629 2026 1670 significatio

231 1696 348 1721 arcto
377 1700 503 1732 gress
516 1701 535 1720 u
560 1690 788 1721 incedendi
817 1691 984 1728 tribuatur,
1002 1697 1036 1721 ut
1052 1691 1125 1721 voci
1146 1688 1251 1732 kffffii-,S
1270 1691 1482 1722 nominativus
1502 1701 1598 1721 casus
1617 1692 1669 1722 sit.
1701 1691 1907 1731 Comparavit
1927 1691 2024 1731 igitur

228 1764 347 1784 versus
376 1763 447 1783 cum
474 1754 633 1784 iumentis,
670 1754 917 1792 Coniparatione
952 1753 1050 1794 igitur
1077 1754 1223 1784 instituta
1249 1759 1376 1794 monet,
1417 1757 1451 1783 ut
1477 1763 1614 1794 gressus
1641 1755 1827 1783 contineant
1852 1759 1888 1782 et
1914 1761 2022 1791 parum

229 1819 350 1845 tantum
375 1816 546 1845 verborum
572 1815 746 1855 proferant.
774 1816 950 1845 Proverbio
978 1815 1128 1845 dixerunt
1153 1815 1255 1854 (conf.
1284 1815 1383 1845 Meid.
1412 1815 1450 1846 C.
1480 1814 1539 1856 23,
1568 1815 1660 1854 270:
1687 1814 1840 1844 Profecto
1872 1813 2022 1853 efficiam,

229 1884 264 1908 ut
290 1888 410 1918 parvos
435 1888 573 1920 gressus
601 1878 724 1909 faciens
752 1879 901 1909 celeriter
928 1879 1128 1908 incedentem
1149 1872 1329 1917 attingatl«
1373 1876 1467 1915 Quod
1505 1876 1533 1906 si
1571 1885 1639 1906 vox
1675 1872 1782 1908 μὲι-υ
1818 1885 1889 1905 cum
1915 1875 2024 1905 vocali

228 1941 381 1971 Dhamma
407 1941 533 1972 litterae
560 1949 605 1982 ι’),
633 1942 685 1981 qui
708 1942 821 1972 modus
848 1940 1150 1972 enunciandibonus
1166 1945 1230 1981 est,
1249 1941 1447 1978 enunciatur,
1461 1950 1529 1970 vox
1544 1937 1652 1981 l÷÷5533
1668 1939 1890 1970 accusativum
1909 1946 2022 1967 casum

226 2005 335 2044 habet,
362 2010 395 2035 ut
422 2015 540 2035 sensus
568 2006 625 2035 sit:
655 2015 760 2046 »gens
788 2005 918 2044 efficiat,
944 2011 979 2036 ut
1004 2014 1124 2036 versus
1151 2005 1201 2035 sui
1227 2014 1347 2044 parvos
1375 2013 1514 2045 gressus
1542 2003 1694 2034 faciant«
1722 2001 1785 2041 Qui
1812 2002 1885 2031 voci
1915 1999 2022 2042 Lag-'⁹533

226 2067 362 2096 subiecti
388 2066 491 2096 locum
517 2068 625 2097 tribuit
651 2072 684 2097 et
710 2068 843 2097 verbum
874 2077 1016 2107 »parvos
1043 2077 1180 2108 gressus
1211 2068 1342 2098 facere«
1373 2067 1558 2108 significare
1584 2066 1680 2108 dicit,
1709 2066 1738 2096 ei
1762 2066 1900 2095 litteram
1927 2063 1964 2096 ..lo
1990 2065 2022 2094 in

225 2129 324 2158 verbo
353 2132 416 2158 tam
444 2138 517 2159 cum
543 2130 648 2159 vocali
672 2129 779 2160 Kesra
805 2140 900 2170 quam
925 2131 1082 2162 Dhamma
1113 2132 1282 2162 enunciare
1316 2132 1398 2161 licet.
1442 2130 1505 2169 Qui
1530 2138 1611 2160 vero
1637 2129 1890 2170 decerpendi
1916 2128 2020 2169 signi-

225 2190 405 2220 ficationem
433 2191 531 2219 verbo
567 2191 695 2230 tribuit,
730 2191 757 2220 is
794 2193 938 2222 vocalem
972 2193 1080 2223 Kesra
1112 2193 1260 2224 adhibeat
1296 2202 1436 2223 necesse
1469 2196 1528 2223 est.
1566 2193 1642 2223 Vox
1670 2188 1759 2224 esi-k&
1787 2191 2016 2231 decerptos

225 2253 260 2282 fr
271 2263 291 2283 u
301 2263 315 2283 c
328 2259 339 2283 t
350 2264 366 2283 u
378 2262 391 2283 s
421 2253 576 2293 designat.

223 2350 255 2378 2.
280 2349 351 2386 Eyo
375 2352 422 2378 vir
444 2360 514 2378 snm
537 2352 673 2378 {mimam
698 2361 787 2379 suam
811 2351 972 2381 honorans
995 2356 1027 2380 et
1047 2355 1221 2386 cunctans,
1254 2360 1293 2379 ne
1321 2360 1389 2380 eam
1413 2347 1582 2390 (yenlem)
1612 2351 1811 2380 contumeliis
1830 2353 1951 2388 petam.
1982 2353 2018 2378 ut

944 2407 973 2432 ei
993 2406 1091 2442 factis
1114 2406 1293 2442 rependam.

320 2472 366 2502 Se
404 2473 498 2502 talem
537 2473 708 2514 describit,
759 2474 811 2513 qui
848 2473 890 2504 illi
928 2474 1062 2504 similem
1103 2473 1216 2513 agendi
1257 2473 1411 2502 rationem
1445 2483 1506 2503 non
1532 2477 1707 2513 sequatur,
1743 2476 1777 2500 ut
1804 2469 2014 2500 contumelias

239 2564 267 2591 l)
285 2563 314 2586 In
335 2565 455 2594 margine
474 2565 574 2590 codicis
593 2565 705 2589 Tebrisii
726 2566 808 2589 verba
827 2574 932 2602 W
956 2566 1007 2601 &q
1035 2571 1114 2601 υκαι)
1135 2569 1262 2595 tauquam
1281 2565 1353 2588 alter
1373 2564 1478 2595 legendi
1499 2565 1594 2588 modus
1612 2561 1749 2592 adscripta
1766 2564 1838 2585 sunt.
