2247 2865
983 77 1253 108 —505—

216 187 352 217 pugnam
377 178 478 208 tuisse
506 180 724 217 cognovisses
755 176 827 214 (ant
843 175 947 205 simile
966 175 1077 215 quid);
1105 176 1159 206 sed
1187 185 1281 215 quum
1309 185 1375 206 eam
1404 186 1542 216 pugnam
1570 178 1680 207 videre
1707 188 1767 208 nou
1796 181 1939 218 posses),
1967 190 2007 210 ex

217 250 325 270 eorum
354 241 496 270 absentia
516 239 583 283 (qui
600 240 700 270 occisi
716 236 807 280 sunt)
833 243 953 267 statum
982 239 1025 268 rei
1054 240 1134 268 sutis
1155 250 1336 279 cognosces
1365 244 1395 268 et
1424 241 1522 276 scies,
1552 249 1642 278 spem
1670 242 1794 271 ultionis
1819 242 2007 272 obtinendae

216 303 341 332 nonnisi
368 304 396 332 in
425 302 497 332 liliis
535 304 694 342 (putribus
723 303 858 338 occisis)
891 302 1066 341 ponendam
1094 313 1180 332 esse.
1235 305 1313 332 l'urs
1341 309 1444 333 antem
1472 304 1555 333 illius
1583 305 1706 343 ellipsis
1734 307 1837 335 verbis
1876 306 2006 336 secundi

218 374 334 394 versus
360 368 421 409 μὴὸ
449 363 507 411 αἱ,
541 369 591 395 net
618 371 651 395 tu
680 375 740 394 non
768 365 913 394 videbis«
945 365 1083 394 indicata
1110 371 1170 394 est.
1224 365 1425 396 Scholiastes
1453 366 1638 407 adnotavit,
1670 377 1687 396 a
1715 372 1807 406 poeta
1834 369 2006 399 secundam

217 426 305 455 verbi
332 438 413 472 σῷ)
441 428 571 457 sormam
599 426 769 456 adhibitam
806 436 904 462 esse,
945 432 977 455 ιιι
1010 436 1100 465 spem
1137 427 1217 456 illam
1254 427 1383 456 multam
1409 434 1439 457 et
1467 429 1494 457 in
1524 430 1662 459 diversis
1699 430 1844 460 fortunae
1877 432 2006 461 casibus

216 488 382 527 repetitam
411 488 548 518 suturam
575 498 650 518 esse
678 488 863 518 ostenderet
891 488 988 528 (coiis.
1019 489 1126 518 (iram.
1158 489 1212 518 Ar.
1239 489 1275 516 Τ.
1303 489 1324 517 Ι.
1355 500 1381 528 p.
1416 487 1520 531 131.).
1573 491 1646 520 Non
1676 497 1781 520 autem
1809 491 2006 521 scholiastae

215 550 455 579 assentiendum
483 559 560 579 esse
588 556 687 590 puto,
724 551 775 590 qui
806 551 991 590 particulam
1018 553 1064 581 ..κὲ
1091 557 1164 580 aute
1192 551 1324 580 verbum
1352 563 1461 596 φωρ)
1490 554 1697 592 supplendam
1725 564 1801 584 esse
1837 554 2009 592 contendit,

217 617 249 641 ut
279 615 384 642 status
411 612 576 643 indicetur.
629 614 702 643 Non
731 614 845 644 desunt
872 614 996 653 quidem
1025 614 1118 651 loca,
1146 616 1176 643 in
1205 613 1318 651 quibus
1346 616 1546 653 grammatici
1575 617 1759 655 particulam
1789 616 1950 656 supplent,
1975 622 2009 647 ut

215 675 245 704 in
261 675 388 705 Corano
412 678 496 705 Sur.
519 676 571 711 1².
595 677 651 706 65.
680 683 754 706 ante
783 678 914 706 verbum
945 684 1009 722 cao)
1038 683 1069 706 et
1097 686 1279 715 quamquam
1310 678 1493 715 particulam
1521 680 1677 708 inservire
1706 678 1810 708 dicunt
1830 678 2008 708 deliniendo

216 740 352 776 tempori
381 739 556 777 praeterito
585 749 687 778 paene
714 749 784 769 cum
817 746 988 779 praesente
1025 741 1193 770 coniuncto
1231 739 1332 775 (cons.
1371 740 1500 769 Antliol.
1530 750 1628 781 gram.
1658 751 1687 780 p.
1715 742 1772 771 86.
1800 741 1910 779 inlr),
1945 751 2007 783 ego

215 805 321 830 tamen
351 802 444 831 istam
472 803 656 841 particulam
685 814 754 834 cum
783 804 953 843 praeterito
983 803 1182 832 coniunctam
1209 808 1328 832 statum
1355 805 1507 841 temporis
1535 805 1714 842 praesentis
1741 803 1921 843 significare
1947 814 2008 833 non

217 866 407 900 putaverim.
461 864 551 902 Quae
589 867 785 906 grammatici
813 866 852 896 de
881 867 974 895 istius
1003 864 1176 904 particulae
1211 864 1447 903 significatione
1482 863 1659 894 definienda
1694 864 1919 906 disputarunt,
1958 875 2008 905 ea,

216 933 404 965 quamquam
433 937 473 956 ex
502 927 609 957 studio
639 929 820 958 accuratius
848 926 1016 957 definiendi
1045 925 1200 964 profecta,
1239 930 1342 953 tamen
1377 923 1416 953 ad
1444 926 1545 962 ipsam
1574 926 1743 956 veritatem
1771 926 1914 965 proxime
1948 936 2009 956 non

215 986 383 1017 accedunt.
436 988 589 1019 Particnla
617 990 668 1020 illa
695 991 867 1030 praeterito
898 989 1006 1019 addita
1038 998 1103 1017 rem
1139 996 1172 1015 re
1199 996 1279 1015 vera
1306 986 1511 1024 praeteritam
1545 996 1622 1015 esse
1657 987 1841 1028 significat,
1878 993 1911 1018 ut
1945 989 2010 1018 ista.

215 1050 372 1088 particula
399 1059 488 1081 omne
516 1052 641 1083 dubium
668 1053 808 1083 tollatur.
862 1054 894 1082 ln
923 1056 1032 1081 nostro
1061 1055 1167 1079 autem
1195 1058 1307 1088 versu>
1337 1048 1364 1077 si
1391 1048 1516 1087 ellipsin
1545 1058 1619 1078 esse
1647 1050 1774 1089 statuis,
1803 1049 2011 1088 quemadmo-

214 1113 286 1144 dum
314 1116 459 1154 exposui,
486 1111 658 1155 praeterita
686 1127 704 1147 e
731 1117 840 1147 verbis
868 1116 999 1146 omissis
1030 1112 1188 1152 pendent,
1214 1115 1247 1140 ut
1274 1110 1303 1139 in
1328 1110 1366 1139 iis
1395 1119 1493 1139 causa
1519 1111 1701 1150 quaerenda
1727 1111 1781 1150 sit,
1809 1120 1865 1142 cur
1891 1115 2010 1142 statum

214 1181 277 1206 tam
306 1183 510 1216 praesentem
538 1188 630 1218 quam
657 1178 798 1209 futurum
828 1178 1008 1218 designent.

936 1294 1295 1330 CLXXXVIII.

539 1376 679 1411 nixu
703 1375 1142 1410 Abu-Tsomamah
1166 1374 1208 1406 b.
1231 1371 1391 1407 Ahsss)
1413 1370 1680 1405 Dtnabmta.
1795 1372 1864 1415 (p.
1887 1375 2011 1418 287.)

315 1462 441 1491 Nomen
469 1462 662 1491 'l'somamah
691 1472 708 1492 a
737 1462 844 1501 planta
871 1460 922 1490 illa
951 1460 1074 1489 infirma
1101 1458 1244 1488 desumta
1278 1462 1347 1497 est,
1385 1456 1476 1487 cuius
1510 1457 1539 1485 in
1571 1462 1728 1496 sequente
1762 1467 1861 1488 versu
1895 1460 2011 1489 mentio

217 1523 252 1553 fit
279 1523 386 1562 (metr.
413 1524 561 1562 Camel):
603 1524 755 1554 Posuit
782 1525 819 1553 ei
847 1522 924 1552 duo
952 1522 1093 1563 ligna,
1122 1530 1242 1551 unum
1271 1530 1320 1550 ex
1348 1520 1499 1549 arbore
1525 1520 1738 1550 Nascham
1765 1526 1804 1550 et
1831 1521 2010 1552 alterum

217 1595 266 1616 ex
302 1586 452 1625 planta
478 1586 733 1615 '1'somamah.
787 1584 891 1623 Quum
921 1594 963 1614 ex
990 1585 1110 1614 arboris
1137 1584 1302 1614 Nascham
1330 1584 1416 1624 liguo
1444 1593 1538 1613 arcus
1569 1583 1800 1614 conficerentur
1826 1582 1877 1628 (ut
1903 1585 2012 1617 flexile

219 1648 335 1688 lignum
363 1648 464 1678 fuisse
493 1645 680 1690 cernamus)
716 1652 747 1677 et
775 1647 874 1677 herba
901 1648 1049 1677 Tsomam
1078 1646 1241 1677 domorum
1275 1648 1374 1676 rimae
1409 1646 1653 1676 obstruerentur
1688 1646 1742 1684 (ut
1778 1647 1880 1676 mollis
1914 1647 2012 1678 fuisse

218 1708 397 1748 videatur),
424 1711 455 1738 in
484 1718 582 1738 versu
611 1718 628 1738 a
656 1714 753 1748 poeta
779 1708 991 1738 infirmitatem
1018 1708 1181 1750 designari
1210 1708 1441 1749 cognoscimus.
1476 1708 1582 1738 Patris
1609 1713 1725 1748 poetae
1751 1718 1866 1738 nomen
1884 1709 1921 1739 ab
1941 1709 2011 1739 aliis

219 1776 282 1801 tum
311 1771 422 1801 Ahrim
450 1776 515 1801 tum
544 1771 667 1802 Gliarib
692 1770 834 1804 effertur,

219 1879 247 1908 1.
272 1879 371 1910 Genti
393 1881 546 1909 Dhabbalz
571 1891 672 1919 aquas
694 1891 772 1909 ειιιιε
795 1880 918 1908 reddidi
936 1884 967 1908 e!
985 1890 1100 1916 parum
1126 1881 1234 1919 absuil,
1260 1882 1336 1918 quin
1360 1882 1429 1908 eius
1449 1883 1554 1908 terrae
1575 1881 1783 1917 eriperentur.

320 1961 424 1999 Quum
451 1971 531 2001 gens
559 1962 725 2000 Dbabbah,
753 1967 784 1993 ut
812 1963 958 2002 pabulum
985 1965 1162 2001 quaereret,
1192 1962 1326 2001 exierat,
1353 1967 1448 2002 poeta
1477 1963 1560 2002 apud
1587 1972 1687 2002 aquas
1714 1973 1784 1994 cum
1811 1963 1929 1994 familia
1953 1973 2013 1995 sua

223 2025 352 2054 relictus
380 2024 602 2054 advenientem
632 2031 788 2065 gentem,
816 2034 896 2064 quae
923 2026 1003 2064 aqua
1031 2024 1122 2063 potiri
1149 2024 1343 2062 conabatur,
1370 2026 1495 2064 repulit.
1548 2027 1645 2066 Aqua
1671 2032 1778 2056 autem
1806 2037 1900 2067 quum
1927 2027 2013 2057 Ara-

223 2089 294 2117 bum
331 2089 396 2117 vita
429 2088 458 2118 in
493 2089 628 2118 desertis
662 2089 837 2126 niteretur,
871 2089 909 2117 ea
945 2087 1141 2116 conservata
1176 2096 1324 2126 magnum
1352 2096 1388 2117 se
1415 2087 1446 2117 in
1471 2092 1600 2128 gentem
1628 2089 1814 2121 beneficium
1841 2091 2014 2121 contulisse

222 2151 365 2191 glorians
394 2156 488 2189 poeta
517 2159 661 2189 magnam
694 2150 752 2179 sibi
781 2149 905 2179 laudem
935 2149 1041 2179 deberi
1068 2148 1185 2179 indicat
1208 2145 1242 2190 ¹).

242 2272 270 2302 1)
292 2274 382 2302 Aquae
402 2279 542 2302 possessor
561 2273 582 2295 is
602 2273 756 2302 putabatur,
776 2273 818 2302 qui
838 2278 895 2295 eam
915 2275 960 2294 aut
981 2270 1146 2293 haereditate
1165 2276 1305 2301 acceperat
1325 2274 1371 2295 aut
1390 2271 1416 2295 in
1435 2278 1484 2295 sua
1503 2275 1575 2295 terra
1593 2274 1699 2301 puteum
1718 2271 1857 2294 effuderat.
1881 2271 2014 2294 Interdum

290 2333 358 2356 aqua
378 2326 498 2355 pluribus
517 2328 661 2349 communis
681 2331 750 2351 erat.
787 2327 859 2350 'ratis
878 2333 947 2356 aqua
966 2319 1041 2365 ..blf
1065 2329 1089 2348 et
1108 2317 1192 2364 ili-{2¹55
1212 2326 1410 2357 appellabatur.
1446 2326 1498 2358 Qui
1517 2327 1618 2357 primus
1638 2330 1755 2355 venerat,
1774 2332 1806 2349 ea
1824 2326 1936 2356 primum
1955 2330 2015 2350 ute-

289 2389 378 2411 batur.
413 2388 478 2411 Tum
497 2388 517 2410 si
537 2388 595 2417 quis
613 2388 705 2411 diebus
722 2382 808 2435 0&
826 2389 905 2412 dictis
925 2388 1003 2419 (sunt
1022 2393 1076 2413 tres
1095 2389 1223 2419 postremi
1242 2389 1342 2412 mensis
1361 2390 1418 2413 dies
1437 2394 1484 2414 aut
1503 2394 1613 2419 tempu5‚
1632 2397 1684 2420 quo
1702 2390 1768 2414 luna
1786 2397 1839 2414 non
1856 2392 2016 2422 apparebat)

288 2442 394 2465 dominu
413 2441 522 2464 absente
541 2442 573 2464 ad
593 2447 687 2471 aquam
708 2443 819 2466 veniens
838 2444 976 2472 pecoribus
995 2442 1135 2467 bibendum
1154 2443 1276 2473 dederat,
1296 2449 1379 2472 usque
1398 2443 1431 2467 ad
1449 2445 1525 2468 finem
1544 2444 1644 2467 mensis
1662 2442 1732 2474 aquai
1751 2444 1788 2468 uti
1807 2448 1923 2476 poterat,
1941 2446 2015 2471 finito

288 2497 376 2517 autem
397 2500 487 2517 meuse
507 2495 625 2518 dominus
643 2495 667 2518 in
687 2497 888 2525 possessionem
906 2498 991 2522 rediit.
1036 2501 1113 2530 Aqua
1131 2499 1193 2522 talis
1212 2504 1306 2522 nomen
1335 2491 1438 2529 eja&
1456 2497 1570 2520 habebat
1588 2500 1616 2520 et
1633 2503 1691 2520 mos
1713 2500 1776 2521 aute
1799 2501 1902 2528 tempus
1926 2496 2017 2523 lslami

291 2547 416 2578 frequens
435 2553 502 2573 erat.

1759 2602 1805 2632 64
