2247 2865
1026 114 1297 146 —114—

271 217 479 248 vehementer
505 221 644 258 currunt,
670 225 732 256 qua
758 225 792 245 re
818 216 913 246 robur
939 214 1025 245 dorsi
1050 215 1217 246 indicatur.
1245 215 1348 246 Dicit:
1376 215 1447 246 Vos
1474 215 1504 246 in
1529 216 1638 258 fugam
1665 221 1758 247 actos
1782 216 1860 257 vidi,
1887 216 1957 248 dum
1976 218 2051 258 equi

269 285 381 312 contra
407 288 467 310 vos
493 279 626 310 sublatis
653 278 764 309 caudis
791 280 921 307 currunt
947 276 1052 316 modo,
1088 286 1150 316 quo
1181 277 1323 307 camelae
1350 281 1564 318 praegnantes
1597 277 1717 308 caudas
1751 278 1887 319 tollunt,
1925 279 1953 309 si
1980 279 2051 318 quis

269 348 392 384 partem
419 343 514 374 lactis
536 346 749 372 remanentem
775 339 938 380 emulgere
964 338 1043 369 vult.
1082 339 1158 369 Vox
1175 341 1234 383 52⁸3
1258 339 1324 379 lac,
1352 339 1434 378 quod
1461 340 1491 369 in
1517 340 1667 371 uberibus
1694 345 1851 382 remanet,
1878 341 2051 382 significat.

269 407 396 444 Dicunt,
424 406 592 435 verborum
618 400 712 449 ρίᾼε
738 400 810 447 Cyl-22>
835 390 919 438 „iu->³5
946 398 1030 446 ψεῖ)
1056 398 1132 441 ιλὲΰ,
1157 410 1290 431 sensum
1317 411 1411 431 esse:
1440 402 1562 441 equites
1588 412 1697 433 eorum
1715 408 1825 433 contra
1843 412 1905 432 vos
1923 403 2052 433 lanceas

268 468 463 506 direxerunt,
490 465 749 507 quemadmodum
775 464 915 494 camelae
941 468 1168 505 praegnantes,
1196 473 1290 502 quum
1317 470 1467 495 recusant
1492 465 1551 505 lac,
1574 466 1695 497 caudas
1721 471 1863 497 movent.
1891 467 1925 496 In
1943 465 2053 495 verbis

269 525 341 570 (p.
363 523 479 568 60.)
498 526 596 573 fixam
633 528 685 568 gia
721 526 789 564 &qi
825 536 891 556 vox
922 527 969 556 0&
1003 525 1183 566 supplenda
1215 531 1267 556 est
1293 524 1408 569 (Mers.
1427 528 1556 571 WB
1594 529 1664 568 ipsa
1690 529 1791 559 verba
1816 532 1920 559 autem
1946 527 2052 557 locum

269 600 376 626 status
401 591 469 628 dh>
496 596 613 623 tenent.
640 590 833 632 Significare
852 590 940 620 vult:
968 589 1044 620 Vidi
1070 599 1168 628 equos
1197 594 1306 619 contra
1335 599 1396 619 vos
1426 589 1549 620 caudas
1576 595 1747 620 moventes
1774 590 1880 630 modo,
1906 598 1968 630 quo
1996 598 2054 619 ca-

269 657 371 689 melae
396 658 611 696 praegnantes
641 654 691 684 lac
718 656 759 695 ei,
787 653 837 693 qui
864 657 987 693 partem
1010 656 1226 682 remanentem
1252 652 1416 692 emulgere
1443 652 1526 689 vult,
1554 657 1740 683 recusantes
1761 652 1882 683 caudas
1910 655 2052 681 movent.

269 720 331 760 Qui
357 724 461 750 autem
489 720 518 748 iu
543 727 643 748 versu
667 717 760 757 legit:
792 712 886 761 §Aa
913 713 985 760 Oka
1013 713 1093 744 ὒῖιλὲ
1107 713 1190 758 wi,
1212 712 1301 753 odil),
1330 714 1357 743 is
1381 715 1540 745 obiectum
1555 715 1649 745 vocis
1667 712 1750 759 2245)
1780 725 1893 754 nempe
1921 721 2051 754 equos

268 783 406 824 supplet.
434 782 569 811 Licitum
597 781 660 810 hoc
689 783 750 820 est,
779 778 925 818 quoniam
951 777 1052 807 verba
1064 765 1287 816 ὸυ-ὲὶωιλμῦ,
1316 785 1503 815 quamquam
1530 776 1656 815 equites
1683 775 1919 817 significantur,
1946 780 2052 805 tamen

267 855 369 888 equos
394 845 541 875 indicant.
568 843 735 873 Namarita
761 841 858 871 dixit:
885 841 975 870 Dixit
1003 839 1223 880 grammaticus
1246 838 1493 880 Abu-Rijasch,
1522 848 1635 868 vocem
1661 843 1749 878 &4⁸²³
1776 838 1806 868 in
1832 838 1941 868 verbis
1967 835 2052 883 Κμε,

258 911 337 956 5⁸²9
367 905 397 943 ,A
424 906 479 953 Ui,
506 904 616 951 Lijboq
643 909 799 935 certum
828 903 1012 944 significare
1030 910 1166 940 eumque
1192 901 1314 931 dicere:
1345 902 1540 931 Dimicamus
1557 901 1732 931 secundum
1752 901 1942 942 opinionem,
1963 910 2054 940 quam

267 974 370 1005 anima
403 970 552 1010 concepit
584 970 622 1009 (i.
647 979 676 998 e.
712 969 743 998 in
770 977 805 997 re
831 971 921 997 certa
947 970 979 996 et
1006 965 1156 1003 incerta).
1199 964 1305 993 Alium
1341 964 1496 1002 quendam
1532 965 1675 1003 dixisse,
1711 974 1845 995 sensum
1881 964 2052 994 verborum

267 1045 358 1066 esse:
394 1034 588 1064 Dimicamus
618 1036 761 1070 tempore
788 1029 987 1070 ignorantiae
1015 1031 1046 1057 et
1073 1031 1215 1066 tempore
1244 1027 1406 1068 religionis
1432 1027 1718 1058 Mohammedicae.
1756 1028 1847 1058 Dixit
1880 1026 2052 1058 Abu-Mo-

266 1097 452 1129 hammedes
466 1094 636 1126 Alahrabi:
664 1094 725 1123 Hic
750 1093 838 1122 locus
855 1090 1016 1131 proverbii
1041 1095 1109 1120 est:
1136 1089 1310 1120 Rectum
1338 1093 1541 1132 attingit>
1569 1091 1660 1121 dum
1688 1091 1832 1121 nescit
1858 1094 1899 1120 et
1925 1092 2052 1129 errat,

265 1160 354 1190 duni
381 1157 569 1188 nescivit
594 1161 635 1186 et
653 1154 858 1195 quomodo
886 1153 1030 1183 cameli
1050 1152 1182 1182 aliter
1209 1162 1322 1191 quani
1348 1155 1410 1183 sic
1436 1154 1666 1184 constituti
1692 1163 1792 1184 esse
1811 1147 2051 1193 possunt‘3')

263 1218 611 1252 Abu-Ahbd-Allahus
638 1217 669 1246 in
695 1216 746 1258 iis,
772 1224 852 1254 quae
878 1215 908 1244 in
935 1214 1123 1254 explicando
1150 1225 1251 1245 versu
1269 1215 1308 1245 de
1328 1216 1578 1255 Abu-Rijascho
1605 1217 1725 1255 retulit,
1752 1216 1902 1246 nesciens
1928 1218 2053 1244 rectum

264 1283 396 1322 adtulit3
423 1282 452 1312 in
480 1291 517 1311 eo
542 1285 659 1318 autem,
678 1279 760 1319 quod
787 1283 915 1318 poetam
940 1277 1045 1308 dicere
1068 1279 1214 1309 voluisse
1236 1279 1407 1317 contendit,
1433 1289 1471 1309 se
1488 1284 1631 1319 tempore
1645 1280 1844 1321 ignorantiae
1860 1283 1892 1308 et
1908 1282 2052 1317 tempore

263 1345 426 1388 religionis
453 1342 725 1374 Mohammedicae
752 1341 912 1382 dimicare,
940 1341 1088 1372 nesciens
1116 1343 1244 1372 erravit.
1275 1342 1438 1380 Quomodo
1464 1348 1570 1373 autem
1596 1352 1649 1372 res
1672 1352 1709 1372 se
1733 1343 1777 1372 ita
1798 1341 1915 1371 habere
1931 1343 2052 1380 potest,

264 1417 359 1448 quum
393 1415 512 1437 versus
548 1410 658 1435 auctor
691 1403 868 1434 Ahlkamah
896 1404 925 1433 b.
953 1403 1115 1434 Schaiban
1141 1404 1170 1434 b.
1198 1405 1305 1445 Alidijj
1335 1406 1363 1435 b.
1390 1406 1532 1436 Alliarits
1570 1406 1599 1436 b.
1637 1404 1866 1436 'raim-Anah
1907 1408 2052 1442 tempore

263 1468 459 1500 Almondsiri
487 1467 739 1498 Dsu-l‘Karnain
764 1467 867 1506 aliquo
896 1471 1039 1506 ternpore
1064 1471 1138 1497 ante
1166 1468 1423 1497 Mohammedcm
1447 1470 1565 1498 vivens
1583 1467 1635 1498 sit.
1663 1467 1742 1497 Eum
1771 1475 1890 1496 versus
1918 1464 2053 1502 dixisse,

263 1530 348 1571 quod
375 1531 425 1561 die
452 1540 579 1572 pugnae
614 1529 754 1560 Owarah
781 1529 1131 1571 Almotamaththirum,
1171 1530 1365 1560 Almondsiri
1396 1530 1539 1570 fratrem,
1568 1528 1760 1559 Alnohmani
1796 1527 2052 1557 Dsul-Karnain

264 1601 359 1622 avum
387 1593 506 1631 impetu
533 1591 619 1622 facto
654 1592 847 1629 occidisset,
884 1591 955 1622 dum
990 1593 1073 1622 hunc
1099 1601 1216 1622 corona
1243 1598 1385 1623 ornatum
1412 1595 1568 1622 neminem
1597 1591 1658 1621 nisi
1685 1590 1922 1621 Almondsirum
1950 1589 2052 1629 ipsum

264 1659 401 1694 putaret.
431 1654 520 1684 Dixit
545 1654 664 1695 igitur:
694 1655 783 1684 Inter
809 1656 933 1693 equites
961 1653 1011 1684 die
1038 1664 1164 1695 pugnae
1194 1654 1334 1685 Owarah
1353 1656 1469 1695 (Meid.
1493 1657 1529 1686 T.
1544 1656 1596 1685 ΙΙΙ.
1616 1656 1651 1686 P.
1670 1656 1700 1687 1.
1725 1665 1755 1694 p.
1779 1655 1869 1694 575)
1896 1663 2052 1694 praesens

264 1718 310 1749 fui
340 1723 373 1748 et
396 1718 453 1748 sub
480 1718 631 1757 pharetra
657 1717 990 1747 Almotamatlithirum
1017 1716 1142 1747 confodi
1169 1721 1202 1747 et
1228 1726 1298 1747 cum
1325 1718 1466 1748 strenuis
1494 1718 1612 1748 lanceis
1642 1726 1823 1759 pugnamus
1850 1721 1911 1748 etc.

1089 1826 1223 1859 xxl.

484 1892 624 1929 Dixit
645 1891 908 1934 nathan-fij
935 1893 982 1926 1».
1005 1891 1281 1934 Alfodjaan
1303 1893 1566 1927 Masenita.
1591 1894 1691 1941 (conf.
1717 1907 1747 1937 p.
1774 1893 1827 1940 ἠὲ)

579 1972 608 2000 1.
630 1972 681 2000 Ne
704 1973 774 2010 quis
795 1971 844 1998 die
864 1980 993 2008 puynae
1014 1972 1046 1998 in
1067 1971 1148 2008 fuya
1167 1971 1313 2008 fiduciam
1333 1973 1433 2008 ponat
1452 1974 1581 1999 mortem
1604 1968 1740 1999 timens!

363 2041 501 2080 Species
526 2041 668 2072 secunda
691 2040 820 2081 generis
848 2036 1011 2083 (0035212)
1041 2039 1131 2079 primi
1157 2040 1251 2068 metri
1279 2038 1378 2069 Camil
1405 2039 1479 2069 dicti
1506 2044 1539 2069 et
1565 2038 1836 2069 homoioteleuton
1864 2036 1966 2086 fbxae
1991 2043 2049 2069 est.

266 2115 358 2155 Quod
385 2115 424 2146 ad
448 2117 547 2146 verba
564 2114 661 2163 3:55)
677 2110 696 2142 ’ὅ
723 2111 946 2161 attinebffii
967 2113 999 2150 35
1019 2113 1084 2160 05)
1111 2114 1141 2143 in
1168 2113 1275 2144 futuro
1301 2097 1384 2161 &535³—
1415 2114 1467 2144 »in
1512 2124 1580 2143 rem
1610 2113 1779 2144 inclinatus
1820 2113 1902 2143 fuit«
1940 2112 2052 2144 dicitur

266 2197 300 2222 et
326 2200 396 2222 cum
422 2190 532 2221 eadem
559 2189 792 2231 significatione
818 2189 950 2219 verbum
979 2187 1043 2234 οἵ)
1071 2199 1142 2219 cum
1170 2188 1274 2219 futuro
1303 2186 1401 2234 052⁴·-
1442 2187 1607 2227 Loquendi
1641 2192 1748 2218 autem
1783 2187 1900 2218 tertius
1937 2186 2050 2217 modus

266 2256 332 2313 Οἵ)
358 2276 430 2297 cum
458 2265 562 2296 futuro
591 2253 672 2309 0353
699 2273 769 2293 cum
796 2264 902 2294 vocali
928 2263 1032 2294 Fatha
1058 2269 1119 2294 tam
1146 2264 1176 2293 in
1203 2263 1378 2303 praeterito
1405 2272 1498 2302 quam
1525 2262 1631 2292 futuro
1655 2272 1697 2293 ex
1719 2263 1842 2293 duobus
1869 2262 1930 2292 illis
1958 2270 2049 2292 corn—

267 2331 392 2370 positns
419 2333 488 2369 est3
515 2337 574 2358 nec
598 2337 676 2357 vero
693 2327 871 2366 primarius.
914 2328 989 2358 Vox
1011 2325 1105 2373 435,
1122 2337 1181 2358 nec
1203 2337 1265 2357 non
1292 2324 1374 2373 535
1403 2325 1520 2355 litteris
1546 2324 1751 2364 transpositis
1778 2322 2051 2355 retrocedere

268 2392 436 2434 significat.
465 2392 623 2422 Dixerunt
650 2388 721 2435 535
748 2390 929 2429 anteposita
956 2390 1064 2421 littera
1089 2390 1194 2430 Djim
1221 2398 1288 2420 cum
1314 2387 1545 2429 significatione
1572 2386 1785 2427 praecedendi
1811 2389 1844 2415 et
1863 2383 1935 2430 ‘⁶33
1955 2389 2050 2425 post-

286 2502 315 2530 1)
336 2502 438 2525 Versus
458 2500 532 2524 metri
551 2499 655 2524 Thawil
674 2501 724 2523 est.
758 2499 809 2522 Sed
829 2498 903 2528 prior
921 2499 1023 2520 tantum
1043 2502 1104 2526 pars
1123 2494 1258 2525 proverbii
1276 2494 1339 2518 loco
1357 2501 1416 2518 esse
1434 2496 1531 2524 potest..
1549 2494 1580 2518 ln
1597 2491 1723 2518 Meidunii
1741 2497 1821 2521 opere
1838 2496 1893 2515 non
1906 2490 2048 2521 reperitur.

285 2555 316 2586 2)
335 2556 392 2579 Hoc
411 2555 435 2579 in
453 2555 516 2578 loco
536 2554 646 2584 primum
666 2553 773 2585 generis
792 2552 867 2576 metri
886 2558 992 2591 ovas,
1011 2552 1080 2581 quod
1099 2553 1179 2574 antea
1195 2556 1298 2580 semper
1316 2549 1440 2573 omissum
1460 2549 1521 2580 fnit,
1539 2549 1638 2573 mentio
1656 2548 1729 2572 facta
1754 2548 1803 2571 est.
1838 2547 1879 2570 Ex
1901 2545 2050 2571 homoiote—

334 2605 407 2629 leuto
427 2605 525 2636 prioris
544 2604 707 2635 hemistichii,
726 2605 795 2628 hunc
814 2610 921 2628 versum
939 2602 1066 2627 carminis
1084 2602 1186 2626 initium
1205 2608 1273 2633 esse,
1291 2607 1455 2632 cognoscere
1473 2601 1544 2625 licet.
1563 2599 1636 2624 cont*-
1655 2597 1853 2629 praefationem
1870 2600 2001 2622 nostram.
