2247 2865
1098 67 1146 89 vu

227 168 329 199 nequo
350 157 434 196 talis,
458 162 492 187 ut
516 163 639 188 versus,
665 153 696 184 iu
717 151 830 192 quibus
853 150 891 180 de
914 149 1088 190 hospitibus
1109 158 1215 179 sermo
1237 149 1297 187 sit,
1321 158 1380 178 nou
1405 148 1494 178 simul
1526 147 1648 178 laudem
1673 148 1871 184 contineant3
1896 147 2008 176 etenim

227 218 320 253 poeta
344 211 468 242 modum
493 219 602 248 suum,
625 216 687 247 quo
709 206 853 246 hospites
883 206 1041 244 excipiat,
1067 203 1252 234 describens
1277 203 1369 234 laude
1396 212 1433 233 se
1466 207 1563 232 ornat.
1609 202 1722 232 Partes
1752 201 1862 232 decem
1892 201 2011 240 priores

227 267 472 307 hospitalitatem
495 264 665 300 celebrant,
690 265 753 291 tum
779 265 886 300 partes
910 264 1102 299 sequuntur,
1128 268 1209 299 qnae
1239 256 1453 295 liberalitatis,
1479 254 1709 297 beneficentiae
1732 255 1922 294 aliarumque
1943 254 2011 284 vir-

226 325 327 350 tutum
358 319 466 350 laudes
495 317 696 357 praedicant,
728 316 806 345 iuter
830 323 908 354 quas
940 319 1046 353 partes
1077 318 1109 343 ut.
1139 313 1195 342 Nr.
1220 311 1268 341 -17,
1292 311 1340 341 48.
1363 311 1410 340 49.
1434 311 1484 340 60.
1507 310 1557 339 69.
1580 309 1715 340 76-82.
1738 310 1786 339 86.
1811 309 1860 339 87.
1882 310 1933 339 90.
1957 309 2006 338 91.

228 374 297 404 110.
324 373 392 403 1⁸20.
417 372 456 402 de
480 371 693 410 hospitalitate
717 370 882 408 loquentes
906 368 1068 407 inspersae
1091 372 1172 396 sunt.
1217 365 1425 405 Hospitalitas
1456 366 1485 394 in
1515 374 1552 393 eo
1584 364 1718 394 maxime
1748 363 1903 400 cernitur,
1927 361 2009 403 quod

225 427 362 468 vespera
384 427 412 456 in
435 427 504 456 loco
530 426 611 455 elato
634 425 716 466 ignis
741 423 921 455 accenditur
945 433 972 463 p.
996 423 1077 459 669..
1103 427 1135 451 ut
1158 421 1210 451 via
1232 420 1412 450 advenienti
1436 419 1622 450 ostendatur
1645 429 1670 459 p.
1691 418 1774 457 739„
1797 419 1883 448 canis
1905 417 2008 447 adve-

224 483 359 512 aientem
382 481 515 510 molesto
539 479 630 509 modo
653 478 813 509 adlatraus
835 483 1004 506 revocatur
1026 486 1054 515 p.
1077 476 1160 514 74⁴„
1184 474 1358 505 adveniens
1382 475 1465 504 laeto
1489 475 1577 504 vultu
1600 478 1754 513 exceptus
1767 472 2007 513 quaestionibus

225 545 284 566 nou
307 535 471 574 fatigatum
494 533 550 564 sed
573 534 678 564 statim
701 533 843 563 camelus
866 531 992 571 pinguis
1017 535 1170 560 mactatur
1193 539 1220 568 p.
1245 529 1337 567 7-1οἾ
1355 527 1466 558 domus
1497 537 1573 557 usus
1610 528 1637 557 ei
1670 526 1851 557 conceditur
1874 536 1901 566 p.
1925 526 2008 561 ⁷50„

224 589 358 619 ahenum
382 588 446 628 igni
468 588 635 627 imponitur
657 597 685 626 p.
708 587 779 616 7⁶20.
802 586 871 615 742.
897 585 967 614 744.
991 585 1062 613 750.
1107 584 1228 613 Domus
1262 590 1432 622 possessor
1463 582 1491 611 in
1523 581 1593 611 cibo
1623 581 1775 611 sumendo
1808 590 1845 611 se
1872 582 2011 611 eontinet

223 653 252 684 p.
272 643 354 682 747„
376 642 490 682 hospiti
515 644 665 682 optimum
690 641 748 672 cibi
771 640 864 670 offert
888 650 914 679 p.
939 640 1023 677 740„
1047 639 1115 667 eins
1137 647 1242 667 curam
1268 637 1377 676 habet,
1409 637 1436 666 si
1464 637 1562 676 quieti
1585 646 1622 666 se
1644 636 1719 666 dare
1741 638 1809 666 vult
1833 646 1861 676 p.
1884 634 1953 666 763.
1978 640 2010 665 et

222 698 250 728 si
273 695 356 737 apud
380 698 483 736 ipsum
510 705 636 725 manere
658 696 687 725 in
711 696 814 724 animo
837 699 898 733 est,
921 694 1024 723 locum
1049 691 1183 732 benigne
1204 690 1367 727 concedit,
1392 690 1439 719 sin
1463 690 1566 730 abire,
1590 690 1760 719 honoribus
1783 700 1852 720 eum
1875 689 2008 720 dimittit.

221 751 326 782 Maior
348 759 498 780 versuum
522 749 646 780 laudem
671 749 871 780 tractantium
897 758 969 788 pars
993 748 1207 777 liberalitatem
1237 745 1541 784 beneficentiamque
1574 746 1723 775 celebrat.
1769 745 1861 783 Quod
1892 745 2008 775 libera-

221 807 299 837 litati
323 815 419 845 opera
442 806 542 837 datur.
568 805 640 834 dum
664 813 742 844 opes
765 812 882 843 parvae.
905 811 948 841 tp.
971 802 1056 833 695.)
1079 805 1151 830 suut
1173 805 1227 830 aut
1246 804 1368 838 tempus
1382 804 1549 839 angustum
1570 799 1719 838 (pesa),
1745 799 1774 829 id
1796 799 1903 828 maiori
1922 798 2003 828 laudi

219 858 362 889 habetur.
407 858 486 889 Cum
510 858 704 888 liberalitatis
728 858 820 888 laude
844 857 928 886 aliae
952 865 1076 895 quoque
1102 854 1213 885 laudes
1237 854 1426 883 coniunctae
1448 858 1523 883 sunt
1546 863 1574 892 p.
1598 854 1774 883 704—706.
1799 858 1828 882 et
1853 853 2008 883 interdum

221 914 281 943 alia
304 913 361 943 viri
385 913 506 944 indoles
531 912 622 943 laude
646 916 774 942 ornatur
798 922 825 951 p.
848 911 919 940 705.
964 910 1050 938 Laus
1074 915 1136 938 tum
1159 908 1302 946 singulas
1327 917 1479 948 personas
1504 913 1568 939 tum
1592 914 1719 949 gentem
1743 912 1868 947 spectat
1892 917 1919 946 p.
1932 907 2006 937 700.

220 966 311 1006 Quae
334 976 488 1006 personae
511 973 563 997 aut
587 968 725 998 familiae
749 967 901 1006 dignitate
923 965 1057 1005 pollent,
1090 969 1123 992 ut
1145 963 1273 992 historia
1297 972 1404 992 earum
1429 963 1552 993 nomina
1576 969 1607 993 et
1630 973 1681 993 res
1704 968 1816 1002 gestas
1838 962 2007 992 memoriae

218 1026 346 1052 nostrae
368 1021 540 1059 tradiderit,
565 1032 670 1053 earum
694 1022 770 1053 laus.
784 1022 898 1061 quippe
919 1021 1008 1049 cuius
1033 1020 1084 1048 lux
1107 1021 1136 1048 in
1161 1017 1320 1048 historiam
1337 1017 1502 1055 redundet,
1519 1019 1644 1048 maioris
1667 1018 1813 1048 momenti
1837 1015 2006 1065 est-p.703.

216 1075 287 1105 710.
311 1075 380 1105 713,
403 1076 472 1106 774.
493 1076 561 1106 779.
589 1077 708 1107 Poetae
728 1075 885 1106 laudaturi
909 1084 946 1103 eo
964 1073 1115 1103 interdum
1133 1071 1295 1110 incipiunt,
1320 1070 1400 1111 quod
1424 1071 1560 1101 feminae
1582 1072 1845 1110 vituperationem
1859 1070 2005 1099 refellunt

217 1138 245 1167 p.
268 1127 338 1158 723.
362 1128 435 1159 732.
459 1129 528 1159 7⁴8.
575 1130 625 1159 Fit
648 1128 813 1167 interdum,
838 1135 869 1157 ut
893 1133 986 1167 poeta
1010 1126 1132 1156 laudem
1157 1125 1240 1155 haud
1266 1132 1352 1155 recta
1377 1126 1446 1162 via3
1473 1126 1531 1155 sed
1555 1136 1610 1165 per
1632 1125 1787 1165 ambages
1821 1123 2006 1163 pronuntiet.

214 1181 271 1211 Sic
293 1188 388 1221 poeta
411 1193 461 1212 res
485 1183 680 1214 haereditate
705 1191 870 1223 acceptas,
893 1192 1029 1222 equum,
1066 1181 1203 1220 gladium
1228 1191 1255 1220 p.
1278 1180 1368 1218 778„
1394 1181 1532 1210 lanceam
1567 1180 1752 1210 describens
1783 1178 1943 1209 liberalem
1971 1186 2008 1206 se

214 1236 390 1276 fortemque
413 1238 595 1277 praedicare
618 1239 698 1277 vult,
723 1240 773 1279 qni
798 1244 927 1268 caetera
951 1236 1052 1266 omnia
1077 1236 1265 1265 liberalitate
1297 1234 1426 1274 prodiga
1454 1234 1591 1274 perdens
1620 1242 1671 1263 res
1703 1232 1774 1262 forti
1803 1230 2006 1261 necessarias

213 1290 274 1320 sibi
295 1293 502 1321 conservarit.
555 1292 766 1331 Reperiuntur
790 1293 861 1324 loci.
887 1292 935 1332 qui
960 1301 1056 1321 seusu
1081 1291 1160 1321 inter
1182 1300 1218 1319 se
1242 1290 1433 1320 cohaereant
1465 1290 1519 1320 Nr.
1546 1289 1592 1318 11.
1619 1288 1664 1317 12.
1687 1288 1737 1317 95.
1783 1286 1844 1316 Alii
1876 1293 2003 1325 versus,

212 1344 264 1383 qui
288 1349 342 1373 aut
364 1343 402 1373 ad
423 1345 667 1383 hospitalitatem
692 1351 745 1375 aut
768 1345 806 1375 ad
832 1345 953 1375 laudem
978 1354 1084 1383 parum
1108 1344 1291 1382 respiciunt,
1321 1348 1395 1373 sunt
1419 1344 1476 1372 Nr.
1500 1342 1550 1372 38.
1574 1344 1622 1372 49.
1646 1342 1694 1371 61.
1723 1341 1790 1370 107.
1816 1341 1883 1370 115.
1919 1340 2005 1370 Ver-

213 1397 311 1428 sibus.
335 1397 384 1437 qui
406 1407 434 1436 p.
458 1399 529 1428 701.
553 1399 623 1429 706.
648 1399 859 1436 inveniuntur,
874 1399 901 1427 in
923 1397 1063 1427 secundo
1079 1397 1182 1435 capite
1206 1397 1295 1426 locus
1312 1396 1471 1434 convenit,
1489 1395 1604 1434 quippe
1628 1395 1785 1434 inquibus
1809 1393 1919 1423 mortui
1935 1393 2005 1422 laus

213 1449 388 1480 celebretur
411 1456 442 1480 et
463 1452 610 1482 versibus
632 1453 689 1482 Nr.
711 1452 783 1491 70.,
811 1452 923 1492 quibus
953 1450 1086 1481 avaritia
1120 1451 1331 1489 vituperatur,
1360 1450 1441 1480 inter
1469 1453 1597 1488 satyras
1628 1449 1732 1487 potius
1761 1448 1874 1487 capitis
1907 1446 2004 1486 quinti

212 1504 302 1534 locus
326 1509 385 1533 est.

294 1556 470 1595 Septimum
500 1562 596 1597 caput
618 1558 736 1590 vtmlt
767 1557 1067 1599 descriptiones
1098 1558 1281 1596 inscriptum
1313 1557 1411 1586 tribus
1440 1558 1561 1586 nonnisi
1593 1557 1732 1596 partibus
1760 1554 2003 1595 (septemdecim

211 1616 377 1654 versibus)
403 1622 538 1657 constat,
562 1627 690 1658 quarum
716 1619 814 1657 prima
839 1618 876 1647 de
900 1619 1009 1648 itinere
1033 1618 1061 1646 in
1085 1616 1205 1646 camelo
1230 1615 1367 1644 meridiei
1391 1620 1533 1655 tempore
1558 1616 1641 1646 facto
1681 1619 1770 1656 agit,
1800 1616 1900 1645 altera
1930 1623 2003 1644 ser-

211 1675 335 1709 pentem
359 1679 416 1700 seu
439 1673 540 1701 virum
563 1672 621 1701 sub
644 1673 805 1712 serpentis
828 1673 974 1712 imagine,
1000 1672 1091 1701 tertia
1116 1675 1335 1709 tempestatem
1355 1678 1426 1700 cum
1451 1673 1566 1700 tonitru
1586 1671 1776 1710 fulmineque
1798 1669 1900 1699 noctis
1920 1674 2003 1698 tem-

210 1734 285 1764 pore
309 1729 406 1754 ortam
431 1724 589 1756 describit.

294 1776 451 1807 Octavum
475 1783 569 1816 caput
593 1778 715 1809 titulum
740 1779 900 1809 itineris
926 1784 964 1809 et
989 1779 1291 1808 somnolentiae
1314 1779 1433 1808 habens
1458 1790 1571 1809 novem
1597 1781 1736 1819 partibus
1759 1779 1946 1813 continetur,
1971 1780 2001 1807 in

209 1839 338 1870 quarum
363 1832 497 1871 quinque
520 1832 660 1871 partibus
683 1834 741 1862 iter
764 1839 877 1864 etcum
893 1844 930 1863 eo
954 1834 1120 1863 coniuncta
1144 1832 1353 1862 somnolentia
1377 1838 1534 1864 tractatur.
1569 1835 1650 1864 Sunt
1672 1843 1798 1874 quoque
1820 1833 2000 1870 nonnullae,

211 1894 292 1923 quae
314 1893 500 1926 argumento
523 1895 594 1917 curn
619 1888 708 1917 titulo
726 1889 840 1927 capitis
865 1897 969 1926 pat-um
994 1888 1194 1917 cohaereant.
1239 1888 1338 1917 Sexta
1362 1888 1456 1917 lilium
1482 1894 1601 1927 patrem
1626 1889 1755 1927 penuria
1779 1896 1922 1927 pressum
1947 1895 2002 1915 re-

210 1937 339 1978 liquisse
360 1940 441 1969 etin
464 1940 609 1980 oppidum
634 1943 881 1981 transmigrasse
902 1941 1008 1981 docet,
1038 1943 1134 1971 vitam
1159 1946 1367 1980 campestrem
1391 1943 1477 1972 vitae
1502 1943 1638 1972 urbanae
1665 1942 1903 1982 praeferendam
1927 1949 2002 1971 esse

210 1991 329 2030 probat.
372 1991 497 2023 Octava
519 2000 549 2023 et
569 2004 650 2024 nona
673 2001 797 2025 noctem
821 1995 1114 2035 quumdescribant,
1138 1996 1176 2024 ab
1189 1999 1377 2034 argumento
1399 1997 1510 2035 capitis
1534 1998 1635 2036 magis
1659 1996 1782 2026 alienae
1804 2000 1886 2026 sunt.
1910 1994 1997 2032 Sep-

209 2046 303 2075 timae
325 2047 404 2086 parti
433 2056 524 2086 quum
547 2054 671 2088 poetam
702 2055 868 2088 aegrotum
892 2048 1056 2080 consilium
1082 2049 1199 2089 datum,
1233 2056 1264 2080 ut
1289 2050 1338 2079 lac
1361 2060 1421 2079 nou
1446 2050 1542 2087 bibat,
1572 2051 1662 2090 sequi
1692 2050 1773 2080 nolle
1796 2053 1910 2087 narret,
1945 2057 2000 2078 cur

208 2098 269 2128 boc
289 2099 319 2128 in
343 2099 448 2138 capite
469 2100 558 2131 locus
579 2103 630 2140 sit,
662 2103 807 2142 equidem
833 2114 893 2133 non
918 2104 1010 2133 video
1034 2113 1169 2134 causam.

291 2152 398 2192 Caput
419 2163 546 2194 nonum,
571 2156 812 2187 facetiarum
837 2158 924 2214 {Mi
948 2157 1068 2187 titulum
1093 2158 1392 2188 Abu-Tammamus
1414 2160 1552 2199 scripsit,
1563 2164 1625 2189 tam
1643 2160 1788 2189 diversas
1800 2168 1851 2188 res
1870 2158 1995 2197 plures-

210 2222 273 2253 que
300 2213 530 2252 complectitur,
555 2224 646 2255 quam
671 2221 704 2245 ut
728 2217 835 2247 ordine
855 2219 883 2247 in
907 2218 1030 2248 classes
1052 2217 1172 2257 disponi
1193 2217 1330 2256 possint.
1375 2217 1430 2247 llla
1452 2219 1603 2256 carmina,
1633 2227 1713 2258 quae
1736 2218 1870 2248 facetiae
1893 2217 1997 2246 dictae

206 2272 279 2297 sunt
301 2273 428 2298 nostrae
459 2273 521 2298 tarn
546 2270 701 2300 sentiendi
723 2281 814 2311 quam
839 2272 983 2312 loquendi
1014 2273 1121 2302 rationi
1146 2277 1332 2312 repugnant,
1358 2277 1390 2301 ut
1413 2273 1441 2302 in
1465 2273 1534 2302 aliis
1556 2281 1690 2303 acumen
1713 2272 1941 2308 desideremus,
1965 2270 1995 2300 in

206 2321 276 2352 aliis
297 2322 445 2362 loquendi
467 2323 591 2353 modum
615 2326 828 2364 reprobemus.
859 2327 933 2356 Non
957 2332 1019 2356 tam
1045 2327 1242 2366 facetiarum,
1261 2335 1354 2366 quam
1372 2327 1600 2357 obscoenorum
1618 2326 1876 2365 sordidorumque
1892 2325 1996 2355 dicto-

209 2383 277 2406 rum
299 2384 411 2406 nomen
434 2376 586 2406 interdum
610 2384 776 2409 merentur.

290 2428 452 2458 Decimum
477 2435 572 2469 caput
595 2431 943 2470 vituperationes,
966 2433 1002 2462 in
1019 2442 1119 2472 quas
1138 2434 1328 2464 mulieres
1353 2432 1503 2464 cadunt
1525 2434 1706 2473 inscriptum
1730 2436 1917 2472 argumento
1940 2439 1997 2460 sa-

205 2481 286 2520 tyris
314 2481 417 2511 simile
441 2487 500 2513 est.
546 2482 747 2522 vituperatio
776 2492 832 2514 aut
859 2494 876 2515 a
900 2487 1040 2525 corporis
1070 2492 1181 2516 natura
1205 2496 1234 2525 p.
1256 2486 1327 2516 815.
1351 2492 1407 2516 aut
1436 2487 1475 2516 ab
1506 2494 1612 2517 aetate
1642 2486 1840 2525 provectiore
1862 2495 1890 2525 p.
1912 2480 1997 2530 816„

207 2542 275 2563 raro
298 2543 316 2565 a
338 2535 478 2565 moribus
501 2541 532 2566 et
554 2536 668 2577 agendi
692 2537 812 2568 ratione
833 2537 980 2569 desumta
992 2544 1042 2569 est
1065 2550 1092 2580 p.
1115 2540 1185 2572 816,
1234 2540 1293 2570 vir
1319 2550 1447 2570 uxorem
1470 2547 1522 2570 aut
1547 2540 1628 2579 quod
1654 2549 1724 2569 cum
1749 2548 1785 2569 ea
1809 2540 1995 2569 coniunctus
