2247 2865
974 61 1244 91 —421—

217 159 244 190 Ι.
269 159 358 189 Deus
380 160 536 198 impediat,
561 161 727 199 quominus
747 160 876 198 moriar,
898 158 972 188 dnm
994 160 1028 188 in
1047 160 1171 196 pectore
1194 165 1260 185 meo
1283 165 1362 185 cura
1383 157 1486 185 instar
1507 159 1622 187 montis
1644 161 1701 194 est,

316 241 363 271 Se
390 242 482 281 gravi
510 250 586 272 cura
612 250 722 271 necem
749 239 922 270 ulciscendi
948 247 1096 280 pressum
1123 239 1287 280 describit,
1315 238 1388 269 dum
1415 239 1517 269 Deum
1544 246 1651 280 rogat,
1680 245 1713 269 ut
1731 245 1873 280 mortem,
1900 240 2001 271 donec

213 303 267 333 isti
292 303 397 333 officio
424 303 641 341 satisfecerit,
677 303 716 333 ab
745 304 815 342 ipso
843 307 1019 332 removeat.
1072 302 1106 331 ln
1132 302 1192 332 hoc
1219 307 1325 332 autem
1352 302 1556 332 manifestato
1584 303 1741 332 desiderio
1769 302 1915 333 indicium
1945 304 1997 333 vi-

214 366 344 407 demus,
375 372 502 407 poetam
529 376 652 398 summo
680 376 747 397 cum
775 366 878 396 studio
906 367 949 395 rei
977 365 1180 405 peragendae
1208 366 1400 403 incumbere,
1427 375 1488 404 qna
1515 367 1544 395 in
1574 377 1607 395 re
1634 366 1703 396 laus
1734 366 1792 395 viri
1819 365 1908 395 sortis
1936 369 1997 396 est.

213 427 255 457 Ut
282 437 385 458 curam
411 433 515 458 autem
542 437 688 468 magnam
716 433 749 457 et
775 428 877 466 ipsum
903 432 1099 466 prementem
1127 427 1333 467 designaret,
1371 437 1441 457 eam
1476 437 1544 458 cum
1573 433 1680 457 monte
1707 427 1914 466 comparavit.
1967 427 2001 456 ln

219 489 381 520 Hamasae
408 499 505 529 opere
532 489 734 529 magnitudini
763 488 980 530 designandae
1008 492 1131 518 montes
1150 489 1210 518 alio
1229 490 1322 518 modo
1341 490 1518 520 inserviunt
1545 489 1625 519 conf.
1641 500 1669 529 p.
1684 488 1729 518 Y‘l?
1748 499 1779 518 v.
1797 488 1829 518 3.
1850 487 1900 517 1²1⁸!
1921 497 1952 517 v.
1967 488 2001 521 7.

212 552 337 582 Vocem
364 555 431 589 β
457 557 511 582 aut
538 562 649 582 nomen
677 552 810 582 actionis
838 555 891 582 aut
917 552 1153 581 substantivum
1191 561 1267 581 esse
1304 552 1494 581 scholiastes
1530 553 1717 591 adnotavit3
1757 551 1857 581 verba
1894 554 1999 580 autem

211 618 325 658 ὀνκ-Ἴ
350 611 392 653 3,
420 617 538 643 statum
566 615 759 653 pronominis
794 614 823 643 in
859 622 940 643 voce
973 612 1055 653 mayel
1090 613 1274 643 describunt
1312 618 1344 643 et
1379 614 1477 644 verba
1504 617 1580 652 Εἰμὶ
1605 611 1673 643 1⁴:1¹5
1708 613 1858 644 adice-tivi
1897 613 1999 642 locum

209 680 380 715 occupant,
407 685 467 714 quo
495 676 547 707 illa
573 686 647 706 cura
673 677 855 706 accuratius
883 675 1038 706 definitur.
1091 676 1252 706 Suffixum
1281 676 1310 706 in
1340 686 1423 706 voce
1450 675 1484 713 3⁸
1513 682 1660 715 tanquam
1688 676 1903 705 nominativus
1932 674 1991 704 ob-

211 738 340 767 solutus
368 747 440 768 cum
468 739 676 778 sequentibus
706 739 912 779 grammatica
938 738 1058 768 ratione
1088 747 1149 767 non
1176 737 1372 779 cohaerens,
1401 742 1433 768 ut
1459 738 1510 767 vis
1538 740 1695 768 sermonis
1723 742 1904 778 augeatur,
1939 745 1999 766 an-

210 802 387 841 tepositum
416 807 478 832 est.

209 900 240 928 2.
265 898 354 935 Quae
375 910 394 928 a
417 900 540 928 deliciis
563 901 627 928 rim'
647 909 696 929 me
723 902 837 929 retine!
856 903 887 928 et
907 901 938 928 si
954 901 1089 928 mistum
1113 902 1161 927 es!
1183 895 1319 938 (dulce)
1343 900 1446 928 instar
1467 898 1579 927 mellis.
1781 894 1846 936 (11.
1871 893 1999 934 238.)

309 967 362 1006 Ut,
389 977 543 1007 quaenam
570 978 643 998 cura
660 971 714 1008 sit,
742 973 969 1009 cognoscatur,
997 968 1105 998 hocin
1128 977 1238 1006 versu,
1269 978 1306 998 se
1332 978 1351 998 a
1377 967 1563 998 deliciis
1590 966 1680 996 vini
1707 967 1910 1003 retineri,
1938 963 1997 995 ad-

207 1030 262 1060 dit.
316 1031 400 1061 Cura
431 1031 521 1060 necis
548 1031 750 1061 ulciscendae
777 1031 866 1061 hisce
892 1032 999 1062 verbis
1027 1031 1250 1072 significatur,
1291 1032 1339 1061 cui
1376 1031 1458 1061 enim
1493 1030 1580 1060 necis
1621 1028 1823 1059 ulciscendae
1857 1027 1999 1057 officium

205 1097 285 1130 erat,
312 1092 449 1122 maxime
476 1094 550 1122 vino
581 1093 742 1123 abstinere
770 1093 894 1123 solebat
922 1094 1049 1131 (conf.
1076 1094 1190 1126 Ham.
1219 1104 1247 1133 p.
1276 1096 1332 1123 ΡΛ.)
1361 1103 1393 1122 v.
1420 1093 1452 1123 5.
1505 1087 1728 1122 Amru-l'Kais
1756 1091 1872 1120 Diwan
1903 1099 1932 1129 p.
1960 1090 1998 1119 &v

204 1164 236 1184 v.
267 1154 351 1194 14).
405 1155 521 1185 Parum
549 1155 611 1185 cibi
638 1160 805 1195 praeterea
830 1156 990 1195 sumebat,
1020 1155 1128 1184 uxoris
1154 1155 1348 1184 consortium
1375 1154 1435 1183 sibi
1462 1153 1690 1190 interdicebat,
1718 1152 1908 1181 aromatibus
1937 1154 1997 1180 etc.

204 1227 265 1246 non
302 1218 447 1248 utebatur
487 1218 637 1255 (Hamas.
668 1228 698 1257 p.
725 1217 779 1247 1⁹1²v
815 1228 847 1247 v.
878 1218 909 1247 5.
949 1219 1059 1248 conf.
1093 1216 1242 1247 Abulsed.
1280 1216 1394 1245 Annal.
1432 1216 1467 1248 Τ,
1493 1216 1516 1244 1.
1556 1225 1585 1254 p.
1615 1215 1671 1244 86.
1707 1214 1777 1244 adn.
1807 1213 1895 1253 37.).
1948 1213 1999 1243 Ex

204 1280 323 1317 verbis,
353 1289 434 1319 quae
461 1280 594 1321 addidit,
623 1285 747 1320 poetam
774 1290 856 1310 voce
883 1279 1000 1327 5³55&ss
1028 1283 1154 1319 potus
1180 1280 1289 1309 vinum
1316 1279 1460 1309 voluisse
1488 1278 1646 1309 videmus.
1699 1277 1774 1308 Vox
1800 1272 1890 1313 *aas
1917 1285 1997 1305 ean-

203 1342 274 1372 dem
307 1342 595 1383 significationem,
636 1353 726 1383 quam
762 1353 827 1373 vox
855 1342 925 1396 ,ς’-,ζμ
953 1343 1127 1381 (mixtura)
1155 1343 1273 1381 habet,
1314 1342 1372 1371 sed
1401 1342 1550 1381 primaria
1579 1341 1668 1370 verbi
1696 1346 1779 1371 ..aas
1805 1337 1998 1379 significatio

202 1403 380 1434 secandi
408 1409 470 1444 est,
498 1404 610 1434 eodem
638 1404 730 1434 modo
760 1406 788 1434 in
814 1406 888 1434 vino
916 1404 1077 1435 miscendo
1105 1404 1245 1434 adhibita
1269 1413 1347 1444 vox,
1375 1413 1435 1442 quo
1461 1404 1559 1433 verbo
1586 1400 1653 1452 (3223
1678 1403 1826 1440 (secare)
1856 1404 1994 1430 utuntur.

203 1467 317 1495 Vinum
345 1472 400 1496 aut
427 1467 457 1496 in
483 1468 601 1497 utribus
628 1471 681 1497 aut
710 1468 739 1496 in
767 1468 856 1498 cadis
884 1470 1134 1508 conservatum,
1170 1468 1220 1506 qui
1247 1477 1286 1497 ne
1313 1467 1420 1497 vinum
1447 1470 1723 1505 corrumperetur,
1761 1464 1830 1503 pice
1866 1462 1996 1492 obducti

202 1535 293 1558 erant
320 1526 408 1571 (ibid.
436 1539 469 1558 v.
491 1530 547 1559 59.
564 1528 680 1573 schol.)
704 1531 734 1560 in
762 1530 900 1561 desertis
928 1541 946 1561 a
973 1530 1202 1561 mercatoribus
1230 1539 1284 1569 per
1311 1534 1428 1570 gentes
1451 1529 1511 1558 iter
1527 1528 1728 1568 facientibus,
1756 1536 1889 1567 quorum
1916 1529 1990 1555 ten·-

202 1591 283 1621 toria
310 1591 401 1632 signo
431 1592 564 1630 quodam
593 1598 704 1623 ornata
732 1598 831 1633 erant,
860 1593 1059 1623 vendebatur
1085 1591 1204 1634 (conf.
1234 1591 1345 1621 Lebid.
1372 1590 1481 1620 Moall.
1509 1600 1540 1619 v.
1557 1587 1640 1632 58).
1692 1591 1725 1619 ln
1753 1590 1872 1618 maiora
1898 1596 1993 1625 vasa,

200 1658 256 1683 aut
283 1654 448 1694 gutturnia
478 1656 602 1692 (conf.
629 1656 719 1685 Ham.
749 1666 778 1695 p.
806 1658 846 1685 0¹11
877 1666 910 1685 v.
939 1656 1002 1695 6.),
1030 1665 1046 1685 e
1074 1654 1160 1684 cadis
1190 1654 1376 1692 utribusque
1403 1652 1541 1682 effusum
1568 1652 1597 1681 in
1625 1651 1795 1681 minoribus
1823 1650 1912 1679 vasis
1940 1649 1990 1678 bi—

201 1716 348 1746 bentibus
376 1716 611 1757 porrigebatur.
663 1718 771 1748 Maius
798 1718 872 1748 illud
897 1727 958 1747 vas
985 1718 1056 1748 colo
1083 1717 1225 1747 sortasse
1250 1717 1437 1746 instructum
1465 1719 1556 1752 erat,
1597 1718 1632 1743 ut
1658 1714 1768 1742 vinum
1795 1712 1913 1741 clarius
1941 1709 1992 1739 ef-

199 1777 387 1807 funderetur
414 1774 534 1820 (conf.
562 1778 674 1808 Antar.
705 1779 815 1809 Moall.
842 1789 875 1809 v.
894 1776 969 1822 38)
994 1784 1049 1810 aut
1075 1789 1133 1819 per
1159 1778 1262 1809 colum
1289 1775 1387 1824 23225)
1414 1780 1445 1808 in
1470 1776 1613 1817 poculum
1639 1775 1862 1805 infundebatur
1889 1771 1992 1802 conf.

199 1840 291 1870 Ham.
319 1849 349 1879 p.
377 1842 426 1869 oo‘l
455 1850 487 1869 v.
517 1841 549 1871 4.
602 1842 787 1872 Bibentibus
823 1842 931 1872 vinum
966 1842 1048 1881 aqua
1085 1841 1280 1871 miscebatur
1318 1839 1426 1870 conf.
1455 1837 1704 1869 Amru-l‘Kaisi
1738 1835 1846 1866 Moall.
1875 1844 1906 1865 v.
1932 1833 1989 1863 20.

201 1902 303 1932 schol.
334 1907 367 1931 et
395 1902 517 1932 Caahbi
544 1902 572 1932 b.
600 1903 677 1933 Sah.
706 1914 802 1934 carm.
830 1914 861 1933 v.
893 1901 951 1946 5.).
1003 1904 1070 1934 Sed
1098 1909 1240 1934 aromata
1267 1902 1424 1932 interdum
1458 1900 1550 1941 addi,
1587 1903 1622 1929 ut
1655 1898 1768 1927 fortius
1805 1895 1990 1937 gratiusque

199 1964 378 1994 bibentibus
406 1968 512 2001 esset,
540 1974 558 1993 e
584 1965 655 1994 loco
681 1961 915 1996 Amru-l'Kaisi
942 1967 1052 1997 Moall.
1079 1976 1111 1995 v.
1141 1966 1198 1996 78.
1225 1966 1380 2003 sequitur.
1433 1963 1507 1993 Vini
1534 1963 1621 1992 color
1648 1966 1702 1990 aut
1728 1959 1836 1989 slavus
1867 1956 1991 1996 (conf.

199 2027 333 2056 Hamas.
362 2036 391 2065 p.
418 2027 466 2055 00⁶1
495 2036 527 2055 v.
558 2027 608 2065 4.)
645 2032 698 2056 aut
732 2028 826 2057 ruber
860 2028 952 2067 (ibid.
980 2039 1009 2068 p.
1036 2030 1083 2058 00⁶1
1111 2038 1142 2058 v.
1172 2028 1223 2066 4.)
1262 2032 1340 2056 erat.
1394 2026 1490 2056 Plura
1517 2024 1588 2054 loca
1623 2024 1661 2052 ob
1692 2022 1801 2052 vinum
1827 2021 1989 2051 celebrata

199 2089 299 2119 fuisse
329 2093 361 2118 et
389 2089 514 2118 Arabes
542 2093 613 2119 ante
632 2088 885 2119 Mohammedem
912 2092 986 2119 vino
1012 2090 1222 2120 vehementer
1249 2089 1374 2118 deditos
1405 2087 1506 2117 fuisse
1531 2088 1662 2116 scimus.
1700 2085 1783 2114 Vino
1810 2082 1988 2122 indulgere,

199 2151 283 2182 laudi
310 2154 388 2191 erat,
416 2160 510 2190 quum
538 2152 756 2182 liberalitatem
784 2152 813 2181 in
840 2152 914 2181 vino
945 2152 1079 2182 bibendo
1107 2156 1297 2182 exercerent
1323 2148 1443 2194 (conf.
1472 2150 1602 2179 Hamas.
1632 2157 1661 2187 p.
1689 2146 1721 2176 ³¹⁴1
1749 2156 1781 2175 v.
1807 2141 1865 2187 2.).
1919 2142 1985 2172 Sed

198 2223 294 2253 quum
317 2214 425 2253 plures
453 2223 563 2244 omnes
591 2224 671 2254 opes
698 2224 776 2244 suas
804 2215 863 2244 hac
889 2215 918 2243 in
945 2225 979 2244 re
1008 2214 1233 2254 dilapidarent,
1261 2218 1293 2243 et
1323 2213 1452 2252 saepius
1481 2212 1570 2241 rixae
1596 2210 1678 2240 inter
1705 2207 1870 2239 bibendum
1899 2209 1987 2234 ortae

198 2276 369 2317 longorum
399 2276 550 2306 bellorum
579 2287 698 2307 causae
726 2282 847 2315 essent,
876 2277 935 2307 iam
963 2281 1036 2307 ante
1063 2275 1318 2306 Moliammedem
1347 2276 1495 2315 princeps
1523 2274 1627 2315 gentis
1656 2271 1811 2310 Badjilah,
1838 2267 1927 2299 Asad
1956 2267 1985 2296 b.

200 2337 283 2367 Cors
312 2339 419 2367 vinum
446 2337 650 2368 interdixerat
678 2338 785 2368 cons.
814 2339 945 2369 Hamas.
974 2349 1002 2378 p.
1031 2340 1080 2368 ΨΑ
1107 2338 1227 2368 adnott.
1280 2338 1385 2368 Huius
1413 2337 1591 2376 exemplum
1619 2331 1859 2364 Moliammedes
1887 2338 1986 2359 secu-

199 2402 250 2428 tus
277 2399 419 2429 secundo
443 2409 554 2429 mense
581 2401 651 2429 anni
680 2402 782 2441 quarti
809 2402 878 2431 suis
906 2403 1013 2432 vinum
1042 2401 1204 2431 interdixit
1233 2397 1356 2443 (Abulf.
1385 2398 1499 2428 Anual.
1527 2398 1563 2426 Τ.
1578 2398 1600 2427 1.
1631 2407 1660 2436 p.
1679 2391 1775 2436 102.)
1802 2396 1980 2431 vincasque

201 2460 305 2499 oppidi
335 2460 454 2500 'l'hajef
478 2461 599 2491 destrui
627 2461 721 2491 iussit
748 2462 819 2492 ibid.
846 2472 876 2502 p.
899 2463 976 2497 164.
1030 2464 1210 2494 Verborum
1239 2459 1311 2498 [Mai
1337 2461 1401 2507 ΟΠ
1429 2459 1483 2506 Oi,
1515 2460 1632 2499 duplex
1659 2456 1882 2497 interpretandi
1903 2456 1984 2485 ra¹i0

200 2522 342 2552 existere
369 2532 470 2562 posse
496 2524 630 2555 videtur.
683 2524 805 2554 Vocem
834 2521 925 2561 ψὼὲ
950 2530 984 2555 ut
1009 2524 1098 2578 ὂψ,
1132 2533 1209 2564 quae
1245 2524 1398 2556 miscendi
1433 2522 1699 2564 significationem
1727 2520 1851 2560 proprie
1879 2518 1982 2558 habet,
