2247 2865
975 86 1254 118 —528—

225 188 365 220 Meidan.
403 189 494 229 app.)
535 187 833 228 (metr.'rhawi1):
873 186 960 216 Non
996 188 1158 226 eripuit
1194 188 1276 217 nisi
1313 197 1444 227 equus
1480 196 1684 227 procerus
1719 197 1808 218 cum
1843 187 2015 220 habena

224 256 263 283 et
290 252 371 281 nisi
398 260 523 291 equus
551 259 793 293 generosus
822 250 859 278 in
886 249 1063 286 habena,
1092 250 1262 279 nobilis.
1316 250 1350 279 Si
1379 255 1484 280 autem
1513 249 1748 290 adolescentes,
1777 259 1849 280 nam
1877 250 1920 280 ita
1947 260 2013 281 vox

223 311 308 348 „bh-².
332 314 416 344 verti
444 318 568 354 potest,
610 314 693 343 tales
720 316 817 352 sunt,
845 311 955 350 quales
991 320 1048 340 eos
1075 312 1103 341 in
1130 313 1338 351 sequentibus
1367 313 1553 352 descripsit,
1587 313 1675 342 viros
1705 312 1900 342 fortissimos
1927 321 2016 353 esse,

223 388 316 409 nemo
344 377 488 408 dubitare
515 381 631 417 potest.

223 437 255 467 3.
281 437 345 474 Qui
362 447 457 476 quum
479 437 614 466 dolorem
637 439 693 464 aut
713 445 883 464 moerorem
907 437 1009 465 sentit.
1036 435 1079 462 ad
1100 435 1218 463 hostem
1240 437 1371 472 propius
1387 437 1511 471 accedit,
1538 437 1639 472 muye's
1656 437 1820 474 mayisqne
1830 436 2016 472 procedens.

324 506 429 545 Quum
463 506 512 535 alii
545 506 657 535 timore
690 505 880 544 implentur>
923 504 1006 544 quod
1045 504 1143 533 fortes
1180 504 1368 534 occiduntur
1394 505 1483 543 (nam
1511 505 1541 534 in
1568 505 1627 535 hoc
1655 505 1771 535 doloris
1799 504 2017 544 moerorisque

224 580 353 603 causam
380 570 536 606 invenio),
565 568 613 598 hic
640 558 747 609 fugam
774 577 835 596 non
863 567 959 606 capit,
987 566 1046 596 sed
1074 566 1225 596 audacter
1254 570 1283 596 iu
1312 566 1435 597 hostem
1465 568 1618 606 procedit.
1671 567 1909 599 Grammaticus
1926 568 2017 598 Ebu-

224 631 329 672 Djinni
356 632 443 672 dixit,
474 635 598 671 poetam
626 630 732 661 dicere
760 630 843 660 velle
869 636 940 676 οὓς,
969 628 1059 669 „153
1089 629 1144 659 sed
1174 639 1244 658 eum
1272 634 1389 659 statum
1418 635 1620 669 praesentem
1648 641 1776 662 narrare
1804 631 1934 671 (Gram.
1959 632 2016 662 Ar.

223 696 261 725 Τ.
289 695 312 725 Ι.
339 704 369 734 p.
399 693 510 734 516.).
574 693 778 723 Scholiastes
818 692 918 721 verba
944 691 1033 732 Um>l
1062 688 1101 719 535
1129 691 1200 729 voci
1227 688 1304 741 &JU
1341 694 1475 730 tempori
1512 692 1690 722 definiendo
1728 693 1883 723 inservire
1919 703 2019 733 posse

224 757 323 798 dixit;
350 756 420 796 sed,
447 767 486 786 ea
512 756 622 786 referri
645 755 682 785 ad
703 755 834 785 verbum
858 752 906 784 Ut>
928 759 1001 794 ete.j
1031 756 1129 794 (quae
1158 760 1209 784 est
1238 754 1394 783 Mersukii
1420 755 1607 792 sententia),
1637 760 1812 794 praestare.
1842 757 1911 786 Hac
1938 766 2017 786 sen·-

223 819 322 850 tentia
350 823 494 858 recepta,
524 819 623 849 verba
651 820 848 858 transposita
875 817 1016 857 putanda
1043 823 1116 847 sunt
1144 818 1162 846 i.
1191 827 1218 846 e.
1248 816 1378 855 propius
1410 816 1533 847 accedit
1559 815 1599 846 ad
1627 816 1753 848 hostem
1774 821 1834 848 etc.
1863 823 2018 860 tempore,

226 891 288 923 quo
315 881 457 912 dolorem
484 882 593 911 sentit.

225 994 257 1023 4.
284 991 548 1028 Quemadmodum
572 992 693 1020 camela
712 993 817 1021 scabie
839 993 967 1031 infecta.
993 1001 1074 1029 qnae
1096 991 1254 1019 scabiosus
1274 991 1400 1020 invenit,
1425 999 1460 1018 se
1478 991 1586 1028 fricat.

350 1062 383 1090 ln
410 1061 471 1091 hoe
497 1069 613 1099 versu,
652 1062 702 1100 qui
731 1062 760 1090 in
787 1066 898 1091 nostro
926 1060 1035 1090 codice
1065 1070 1084 1090 a
1111 1059 1245 1090 caeteris
1273 1058 1445 1098 separatim
1472 1061 1613 1098 scriptus
1645 1060 1886 1102 inveniebatur,
1927 1063 2020 1101 quasi

225 1133 301 1164 pars
326 1132 444 1152 versus
471 1126 544 1152 aute
571 1132 642 1152 eum
669 1123 778 1153 omissi
806 1124 857 1160 sit,
885 1125 915 1152 in
943 1123 1099 1152 Mersukii
1127 1122 1236 1152 codice
1264 1130 1333 1150 cum
1361 1121 1488 1159 reliquis
1524 1131 1585 1151 uua
1618 1122 1703 1151 serie
1736 1123 1874 1162 scriptu,
1904 1124 2019 1164 agendi

226 1186 377 1217 rationem
405 1186 520 1215 clarius
549 1187 689 1225 exponit.
752 1185 891 1214 Iuvenes
918 1184 947 1213 in
975 1184 1099 1214 hostem
1135 1182 1345 1222 procedentes
1385 1192 1453 1211 cum
1489 1182 1619 1212 camelis
1656 1184 1815 1214 scabiosis
1850 1193 2020 1224 compara·

227 1249 312 1280 tione
340 1248 422 1278 haud
449 1248 543 1277 nobili
563 1248 708 1287 contulit,
729 1250 793 1287 qui,
822 1257 915 1286 quum
929 1248 1008 1276 alios
1025 1247 1200 1279 inveniunt.
1229 1256 1265 1274 se
1284 1246 1421 1274 invicem
1440 1245 1559 1274 fricant.
1589 1245 1836 1284 comparatione
1855 1247 2020 1277 maximam

227 1309 504 1351 propinquitatem,
530 1313 564 1339 ut
591 1318 726 1348 corpora
752 1309 892 1338 hostium
920 1309 988 1337 suis
1009 1312 1154 1348 tangant,
1181 1306 1304 1335 indicat.
1344 1305 1489 1335 Scabiosi
1508 1311 1615 1336 autem
1631 1306 1739 1336 cameli
1760 1316 1796 1337 se
1812 1307 2022 1338 vehementer

227 1373 343 1403 fricare
380 1372 495 1401 solent.
557 1371 677 1401 Similis
715 1371 919 1410 comparandi
955 1371 1066 1401 modus
1105 1371 1197 1399 Ham.
1228 1378 1255 1407 p.
1285 1369 1344 1398 ΡἸὛ
1371 1379 1402 1402 ν,
1431 1368 1462 1399 3.
1491 1369 1661 1401 invenitur.
1723 1370 1849 1399 Nomen
1884 1371 2020 1400 actionis

226 1437 317 1478 (χλ-*3
337 1444 354 1464 e
372 1434 473 1464 verbo
491 1438 596 1476 &55²²-
611 1434 731 1463 omisso
749 1433 876 1473 pendet,
905 1433 996 1463 cuius
1016 1432 1188 1462 existentia
1209 1431 1317 1460 verbis
1347 1431 1395 1461 ts..)
1420 1436 1481 1460 etc.
1508 1436 1571 1463 ete.
1599 1431 1768 1461 indicatur.
1821 1432 1943 1462 Vocem
1961 1430 2023 1476 135?

226 1501 283 1527 aut
310 1496 462 1536 pluralem
489 1497 580 1525 vocis
598 1494 691 1543 ⁸7³5>l
732 1506 788 1535 pro
816 1502 915 1539 2²3⁵?ae
955 1501 1009 1525 aut
1037 1495 1214 1535 pluralem,
1255 1493 1367 1530 modo,
1409 1502 1471 1533 quo
1505 1498 1574 1534 03-
1599 1503 1618 1524 a
1644 1503 1728 1524 voce
1754 1494 1829 1534 ..bul
1857 1495 2023 1535 formetur,

1568 1553 1578 1563 υ

227 1581 298 1603 esse
326 1576 380 1602 aut
406 1570 554 1611 denique,
580 1571 608 1599 si
635 1580 703 1600 cum
734 1570 837 1600 vocali
865 1570 967 1600 Fatha
994 1571 1193 1608 enuncietur,
1223 1569 1417 1608 singularem
1448 1577 1503 1606 pro
1531 1564 1612 1612 sla?-
1643 1578 1719 1598 esse
1747 1569 1863 1600 dieunt.

994 1675 1252 1709 CXCVIII.

641 1742 781 1776 Dixit
805 1742 1001 1777 11111»ῆίιί
1024 1743 1063 1775 Ι).
1087 1740 1357 1782 Dlawijjah
1379 1740 1623 1782 Tlmjjita.

326 1815 526 1846 Scholiastes
558 1815 717 1844 mulierem
739 1815 814 1856 2435&
834 1815 1034 1854 (speculum)
1064 1814 1257 1853 appellatum
1285 1812 1356 1841 vult
1383 1813 1421 1841 ob
1450 1813 1619 1852 puritatem
1648 1818 1679 1842 et
1708 1814 1839 1844 nitorem
1868 1816 2025 1857 corporis,

228 1878 343 1916 quippe
370 1886 480 1906 nornen
509 1886 577 1905 cum
611 1885 691 1914 aqua
721 1874 762 1903 §Lo
789 1877 972 1906 cohaereat.
1000 1876 1240 1905 similitudinem
1259 1874 1424 1904 derivandi
1444 1875 1614 1904 innomine
1631 1874 1771 1905 mulieris
1791 1876 2025 1918 Madsijjah

228 1938 327 1968 videt.
381 1938 447 1968 Sed
477 1938 507 1966 iu
534 1948 616 1968 voce
642 1938 706 1977 sto,
734 1939 760 1967 si
787 1938 912 1968 additur
940 1939 1044 1968 littera
1069 1935 1142 1980 μς’)
1171 1939 1327 1967 I-Iamzam
1355 1938 1384 1966 in
1413 1938 1551 1967 litteram
1577 1954 1594 1977 9
1622 1938 1856 1977 permutandam
1885 1949 2025 1971 censue-

232 2005 318 2040 runt,
345 1999 607 2038 quemadmodum
637 2000 664 2028 in
692 2009 776 2029 voce
801 2001 897 2038 ὁμὰ
925 2002 1070 2031 cernitur.
1128 2002 1211 2030 Dixit
1242 2006 1338 2040 poeta
1367 2002 1473 2039 (metr.
1489 2000 1623 2037 sarilo:
1663 2000 1690 2030 0
1718 1998 1956 2041 Mawijjahl
1996 2003 2024 2033 Ο

230 2071 356 2101 saepe
384 2062 672 2091 incursionem
700 2064 739 2091 in
781 2062 944 2093 hostem
979 2064 1215 2102 dispersam
1253 2066 1394 2093 instar
1434 2063 1618 2092 ustionis
1656 2064 1847 2093 cauterii
1887 2068 1918 2095 et
1944 2066 2024 2096 alter

231 2124 341 2162 (metr.
359 2122 519 2162 Redjes):
549 2123 691 2153 Ovium
719 2126 972 2163 'possessori
1000 2136 1098 2155 oves
1134 2126 1171 2154 in
1199 2136 1245 2155 ea
1272 2135 1345 2154 non
1372 2129 1558 2164 prosunt.
1586 2125 1660 2155 Vox
1688 2125 2025 2165 349l-o(sine'1*esclx-

230 2185 320 2225 dido)
348 2196 366 2215 a
393 2185 499 2215 radice
525 2184 588 2225 &ji
617 2186 789 2216 derivanda
816 2187 1060 2217 misericordiam
1088 2189 1253 2225 significat.

232 2297 258 2325 1.
284 2294 400 2324 Eheu!
421 2294 545 2323 Lailam
569 2294 676 2322 salnr'a
700 2298 730 2322 el
751 2296 860 2323 domus
883 2299 1013 2333 vestiam
1037 2300 1066 2324 et
1089 2307 1204 2324 aremus*
1230 2297 1344 2334 Rajjae
1366 2299 1494 2334 eiusque
1517 2296 1658 2325 montes!

334 2365 400 2393 Aut
427 2373 463 2393 se
490 2364 592 2402 ipsum
620 2368 675 2393 aut
713 2364 835 2393 socium
879 2365 1045 2403 alloquitur
1086 2376 1227 2406 rogans,
1269 2370 1300 2395 ut
1344 2369 1476 2395 amatam
1504 2366 1623 2395 Lailam
1652 2367 1785 2404 eiusque
1813 2365 2025 2396 habitaculum

232 2428 362 2457 salutet.
391 2429 425 2457 In
453 2437 490 2456 eo
521 2431 628 2456 autem
656 2427 872 2458 fortitudinem
903 2429 996 2457 animi
1024 2430 1175 2465 ostendit,
1208 2429 1289 2468 quod
1311 2429 1339 2457 in
1359 2429 1453 2458 rebus
1470 2428 1557 2457 duris
1578 2432 1704 2457 amatae
1721 2427 1801 2457 haud
1816 2427 2024 2458 obliviscitur.

254 2528 282 2559 t)
300 2529 344 2551 Sic
363 2529 411 2551 hoc
431 2527 455 2550 in
475 2528 537 2550 locu
558 2534 650 2550 vocem
669 2520 755 2549 &til-»¹05
777 2527 979 2557 intelligendum
1000 2532 1063 2557 puto
1084 2529 1168 2558 (conf.
1191 2520 1299 2552 :lnthoh
1320 2535 1403 2558 gram.
1424 2535 1447 2558 p.
1466 2528 1551 2557 we).
1588 2527 1752 2550 scholiastes
1771 2527 1931 2551 sententiam
1949 2535 2024 2552 suam

300 2580 367 2602 haud
387 2579 465 2601 claris
486 2578 574 2601 verbis
593 2578 761 2607 expressisse
782 2578 840 2601 mihi
862 2577 974 2602 videtur.

748 2674 756 2687 θ
