2247 2865
999 104 1272 136 -240—

242 217 377 248 spumae
403 215 460 246 pro
488 206 584 236 nihilo
611 205 789 246 habentur,
829 204 904 234 dum
941 204 993 234 alii
1028 205 1112 235 hunc
1138 205 1247 235 verbis
1273 213 1406 234 sensum
1437 202 1591 233 tribuunt:
1634 201 1772 241 Quidam
1797 202 1851 232 filii
1879 204 2034 245 patribus,

243 272 359 312 quibus
387 270 578 307 tribuuntur,
604 278 667 298 non
693 273 778 308 sunt,
807 267 868 297 sed
896 276 1031 306 spumae
1059 271 1092 296 et
1117 265 1297 306 quisquiliis
1323 265 1444 296 similes
1472 270 1558 295 sunt.

242 382 275 411 3.
302 378 424 410 Gemuit
446 387 517 408 eum
540 377 644 414 lonqis
666 376 775 412 digitis
793 375 985 412 praeditum,
1009 378 1047 404 ut
1066 376 1135 403 eius
1157 376 1235 403 vitta
1259 376 1293 403 in
1314 376 1416 412 capite
1437 376 1519 404 inter
1539 376 1624 404 viros
1645 374 1799 403 vexillum
1821 377 1914 415 esset.

341 449 424 478 Eum
449 451 577 477 statura
602 453 770 483 procerum
797 443 962 484 describit,
993 449 1027 473 ut
1049 443 1154 483 capite
1179 452 1279 482 super
1301 443 1382 473 alios
1405 444 1568 474 emineret.
1598 443 1732 474 Statura
1756 444 1854 484 longa
1875 442 2035 472 Arabibus

245 511 331 543 laudi
357 515 408 541 est
434 508 538 539 conf.
566 508 674 537 Ham.
701 508 750 536 oro
776 515 807 536 v.
835 507 868 536 5.
897 507 954 537 Sic
982 507 1151 537 Moslimus
1176 506 1246 545 (De
1271 506 1332 537 hoc
1356 512 1454 546 poeta
1479 506 1600 536 confer.
1615 507 1709 536 Ham.
1727 504 1821 545 p.1⁹l¹1x
1834 505 1925 544 adu.)
1939 504 2036 535 dixit:

243 572 349 618 (metr.
366 567 507 613 Tbawil)
536 570 714 599 Erectus
740 573 827 599 stat
852 572 1024 603 statura
1050 569 1187 598 instar
1213 568 1386 599 lauceae
1411 567 1707 598 Rodainiticae
1735 573 1773 598 et
1798 568 1927 597 omnis
1954 568 2036 597 bal-

245 642 340 666 teus
368 633 506 675 gladii
533 633 685 672 longus
713 633 751 661 ei
777 631 900 661 nimis
929 631 1077 660 brevis
1104 635 1183 661 est.
1214 631 1285 661 Duo
1312 636 1456 670 tempora
1482 630 1534 660 filii
1553 630 1735 669 descripsit,
1763 640 1859 660 unum
1885 629 2039 660 infantiae

243 700 372 730 alterum
399 697 647 728 adolescentiae.
676 695 752 724 Vox
777 693 863 732 ..h-,m
890 696 1018 733 proprie
1044 693 1075 723 in
1101 694 1239 724 crinibus
1267 693 1352 723 haud
1378 693 1492 732 crispis
1512 693 1690 723 adhibetur.
1716 693 1817 733 Digiti
1834 701 1930 731 quum
1954 692 2039 731 longi

243 766 319 792 sunt
345 760 418 790 aliis
432 768 557 798 quoque
584 758 681 788 rebus
709 757 813 798 longis
839 756 1061 797 significandis
1087 756 1245 786 inservire
1272 761 1420 795 possunt.
1449 756 1483 785 In
1495 756 1599 795 longis
1613 755 1724 796 digitis
1740 756 1831 794 pueri
1845 765 1958 785 recens
1973 755 2040 784 nati

243 824 389 854 indicium
415 827 468 852 est
493 826 639 851 staturae
665 821 783 861 longae
810 819 840 849 in
868 821 950 849 viro.
985 819 1048 849 Pro
1074 828 1157 848 voce
1183 816 1280 863 ouen
1308 819 1497 849 Mersukius
1526 814 1644 851 ,0st
1679 827 1778 848 ossa
1810 818 1928 858 habet,
1954 817 2038 857 quod

243 887 343 918 minus
371 885 481 925 probo.
520 883 688 913 Posterior
715 887 823 913 autem
850 891 970 912 versus
997 891 1072 921 pars
1102 891 1163 912 non
1188 887 1275 912 arcte
1303 891 1374 911 cum
1400 883 1507 921 priore
1534 881 1708 922 cohaeret,
1748 890 1821 910 nam
1846 882 1917 910 sine
1944 879 2039 910 dubio

243 948 328 979 aliud
354 953 479 986 tempus
505 946 566 976 viri
593 945 754 978 describit,
781 945 914 984 Ellipsis
941 948 1047 975 autem
1077 945 1151 975 talis
1179 944 1353 975 statuenda
1379 948 1452 976 est:
1479 943 1537 974 Vir
1563 943 1669 974 factus
1695 943 1769 974 talis
1794 945 1875 983 erit,
1910 947 1946 972 ut
1969 942 2040 972 eius

243 1011 326 1040 vitta
351 1012 437 1040 inter
464 1008 552 1038 viros
579 1008 732 1038 vexillum
758 1007 908 1037 videatur
934 1007 954 1036 i.
982 1018 1010 1037 e.
1037 1017 1137 1047 super
1165 1008 1272 1047 capita
1299 1016 1406 1037 eorum
1441 1006 1591 1037 emineat.
1628 1006 1769 1036 Diverso
1797 1005 1920 1045 quidem
1946 1004 2041 1035 modo

247 1071 384 1102 eundem
410 1079 542 1100 sensum
569 1069 652 1100 alius
679 1069 844 1108 expressit
866 1069 995 1099 dicens:
1023 1066 1131 1113 (metr.
1158 1064 1301 1112 Thawil)
1325 1066 1406 1116 ³29)oe
1423 1066 1532 1106 350·le
1557 1065 1641 1114 2¹³)ss
1665 1067 1781 1108 ΚΒΜ
1808 1064 1879 1103 0153,
1892 1067 2040 1098 Parum

249 1136 395 1176 abest,
422 1135 516 1174 quin
543 1134 634 1163 eius
665 1132 832 1163 dorsum
859 1133 1020 1163 cameli
1047 1131 1295 1163 admissarii
1321 1131 1474 1172 gibbus
1502 1130 1728 1169 (eminens)
1756 1129 1819 1160 sit.

1018 1239 1270 1273 Lxxvll.

872 1305 1013 1340 Dixit
1034 1304 1163 1339 alitus
1187 1304 1406 1348 quidam.

347 1379 635 1422 Abu-Rijaschus
660 1387 777 1409 versus
804 1377 1113 1419 Abu-PSchaghbo
1138 1377 1354 1418 Ahbsitae¹);
1381 1376 1705 1407 Abu-Ohbaidahus
1734 1381 1841 1406 autem
1865 1374 2042 1414 Alakraho‚

247 1446 311 1477 filio
340 1443 490 1475 Moahdsi
518 1441 743 1472 Koschairitae
768 1439 951 1480 adscripsit.

246 1544 275 1573 1.
299 1542 469 1573 Ribatlzum
492 1540 570 1575 vidi,
594 1548 690 1577 quum
712 1539 781 1566 eius
803 1539 949 1566 iuventus
971 1537 1112 1575 perfecta
1134 1539 1221 1564 esset
1241 1539 1274 1564 et
1292 1545 1360 1564 mea
1385 1537 1532 1564 iuventus
1552 1537 1614 1564 iam
1637 1535 1745 1564 abiret.
1773 1536 1806 1562 in
1827 1535 1942 1569 pietate
1963 1542 2040 1569 erqa

881 1600 956 1619 suos
977 1592 1131 1628 vituperio
1154 1590 1243 1619 haud
1261 1590 1401 1626 thynum.

347 1665 419 1695 Hoc
443 1663 473 1693 in
494 1672 606 1699 versu,
627 1662 678 1700 qui
698 1664 728 1691 in
746 1660 903 1691 Mersukii
923 1669 1021 1700 opere
1038 1669 1100 1689 non
1118 1659 1246 1700 legitur,
1273 1657 1373 1688 filium
1390 1666 1481 1688 suum
1500 1656 1614 1686 laudat.
1645 1656 1764 1687 Verbis
1777 1667 1859 1686 -ma
1873 1653 1951 1701 333
1965 1651 2038 1695 υ...]

246 1729 366 1759 varium
392 1736 523 1756 sensum
552 1725 738 1754 tribuerunt.
766 1723 919 1753 Nonnulli
940 1725 971 1752 in
993 1731 1101 1752 amore
1119 1722 1186 1752 eius
1208 1722 1239 1751 in
1265 1730 1342 1752 suos
1371 1720 1413 1750 nil
1441 1722 1533 1760 pravi
1560 1725 1593 1749 et
1620 1719 1759 1758 corrupti
1786 1728 1862 1748 esse
1880 1717 2037 1747 dixerunt.

247 1789 466 1820 Abu-Hilalus
486 1791 605 1826 autem,
633 1795 706 1815 eum
732 1794 838 1815 amore
864 1787 896 1815 in
921 1793 999 1814 suos
1016 1783 1193 1814 beneficum
1220 1793 1282 1813 non
1309 1792 1386 1813 esse
1396 1779 1436 1826 2),
1463 1787 1499 1812 ut
1523 1781 1606 1811 hauc
1627 1782 1666 1810 ob
1681 1790 1811 1811 causam
1829 1779 2040 1819 vituperetur.

246 1851 437 1894 significare
463 1859 587 1889 quoque
615 1854 750 1889 possunt
778 1848 897 1888 verba,
929 1857 1003 1877 eum
1029 1848 1148 1887 pietate
1177 1853 1277 1878 totam
1304 1847 1448 1878 familiam
1474 1855 1566 1876 suam
1592 1844 1760 1884 amplecti,
1789 1848 1823 1873 ut
1847 1851 1937 1872 nemo
1966 1850 2039 1872 eum

247 1915 420 1954 vituperet,
450 1917 505 1943 aut
532 1922 604 1942 cum
632 1911 775 1942 omnibus
802 1920 882 1951 erga
908 1917 1033 1950 patrem
1059 1909 1174 1940 officiis
1201 1910 1406 1948 satisfacere,
1434 1913 1469 1938 ut
1496 1907 1582 1937 nullo
1608 1907 1768 1946 vituperio
1796 1905 1913 1946 dignus
1940 1903 1994 1936 sit.

249 2025 280 2054 2.
304 2023 409 2060 Quum
433 2023 567 2051 aliorum
585 2022 646 2061 filii
666 2021 775 2050 dolore
797 2022 957 2058 adficiunt,
983 2024 1017 2050 Ιιι
1037 2030 1072 2050 es
1093 2020 1215 2051 licitum
1236 2020 1327 2049 dulce
1349 2022 1381 2048 et
1396 2019 1551 2058 friyidum
1574 2017 1673 2046 dulce.

350 2092 524 2130 Comparat
549 2091 680 2121 aliorum
711 2090 795 2121 filios
824 2099 894 2120 cum
913 2100 971 2120 suo
990 2089 1113 2131 dicens,
1140 2089 1238 2120 filium
1253 2099 1360 2128 suum,
1388 2087 1461 2118 dum
1476 2087 1605 2117 aliorum
1620 2085 1674 2114 filii
1692 2083 1904 2114 inobedientia
1923 2082 2038 2112 malum

251 2154 318 2185 suis
343 2153 517 2192 intulerint,
545 2154 649 2191 ipsum
678 2152 795 2193 gaudio
822 2152 995 2182 adfecisse.
1036 2152 1113 2182 Vox
1138 2149 1226 2198 535?
1254 2160 1273 2180 a
1298 2148 1439 2179 secando
1466 2147 1646 2177 dolorem
1674 2147 1880 2176 internum
1907 2142 1988 2173 veh
1999 2152 2037 2171 e-

250 2221 423 2247 mentem
450 2214 624 2255 siguificat,
651 2214 725 2244 dum
753 2215 792 2244 ob
820 2215 980 2245 tristitiam
1009 2219 1042 2244 et
1068 2224 1216 2256 magnum
1243 2222 1421 2243 moerorem
1447 2211 1575 2240 viscera
1601 2209 1694 2249 quasi
1713 2207 1867 2238 dissecari
1890 2209 2038 2245 putantur

250 2277 369 2321 (conf.
398 2278 492 2310 Ham.
518 2286 548 2316 p.
575 2275 615 2305 ‘15⁸1
646 2276 664 2306 1.
693 2273 752 2318 2.).
781 2277 868 2307 Ante
893 2286 1007 2306 vocem
1034 2275 1122 2324 1555>
1148 2281 1255 2306 autem
1278 2285 1345 2305 vox
1369 2272 1468 2311 qumi
1496 2281 1654 2303 causae
1682 2270 1834 2309 (doloris)
1861 2266 2039 2308 supplenda

251 2346 313 2371 est.
340 2341 412 2370 Nec
438 2347 518 2369 vero
545 2337 671 2368 silentio
701 2339 1015 2376 praetermittendum
1042 2344 1113 2379 est,
1149 2339 1181 2368 in
1205 2337 1366 2368 Mersukii
1400 2344 1500 2374 opere
1536 2331 1624 2381 ³553>
1650 2333 1717 2373 legi
1752 2336 1786 2361 et
1817 2330 1937 2367 nescio,
1964 2338 2038 2358 num

252 2408 359 2434 rectus
387 2403 439 2432 ille
465 2401 622 2432 scribendi
649 2401 763 2431 modus
791 2411 831 2430 an
857 2402 996 2431 vitiosus
1024 2402 1076 2431 sit.
1116 2400 1179 2438 Qui
1205 2400 1234 2429 si
1258 2402 1364 2428 rectus
1390 2402 1465 2437 est,
1501 2404 1568 2425 vox
1603 2393 1774 2434 posteriori
1795 2389 1868 2432 JK>
1893 2393 1925 2420 et
1948 2384 2038 2426 ῳζλε

270 2487 300 2515 1)
317 2488 446 2517 Tempore
465 2485 605 2509 fleschami
625 2485 649 2508 b.
668 2483 885 2508 Abbd-Almalec
905 2484 982 2513 vixit,
1001 2491 1053 2514 quo
1072 2485 1199 2514 Iosephus
1217 2484 1242 2507 b.
1261 2482 1361 2506 ohmar
1379 2480 1526 2510 Tsakefita,
1545 2478 1587 2510 qui
1599 2481 1679 2502 antea
1689 2475 1845 2507 provinciae
1855 2475 1941 2497 lemen
1959 2479 2038 2503 prae-

317 2537 518 2565 fuerat‚1racae
529 2536 695 2566 provinciam
707 2535 832 2560 obtinuit.
852 2535 1108 2559 Ebu-challikanus
1126 2526 1299 2569 ῳιωὶ-,ρῖ
1318 2532 1376 2555 sine
1395 2535 1496 2562 puncto
1514 2532 1565 2555 No.
1582 2530 1649 2554 212.
1667 2536 1692 2559 p.
1709 2527 1723 2553 'l
1742 2527 1826 2551 habet.

268 2587 302 2619 2)
321 2590 423 2612 sensus
444 2588 560 2617 videtur,
580 2594 638 2611 eum
657 2593 776 2612 amorem
795 2592 872 2610 suum
892 2591 946 2609 non
966 2584 1087 2608 omnibus
1106 2585 1261 2612 ostendere3
1279 2584 1326 2607 sed
1345 2583 1377 2607 iis
1397 2586 1500 2607 tantum
1518 2581 1612 2612 quibus
1631 2580 1765 2603 debeatur.
