2247 2865
983 97 1253 129 -352—

213 202 315 234 fortes
341 200 546 240 audacesque
571 199 687 241 irritet,
713 198 786 229 inde
812 207 929 229 noxam
955 206 1018 227 non
1043 196 1209 237 percipiat.
1236 195 1298 227 Cui
1320 204 1401 226 vero
1427 194 1634 226 admonitioni
1663 198 1699 226 ut
1728 194 1811 226 fides
1836 195 2002 239 habeatur,

211 264 318 295 virum
344 263 544 302 experientia
570 262 715 292 edoctum
740 262 944 300 interrogare
969 258 1069 291 iubet.
1107 258 1164 288 Nil
1189 267 1314 298 quoque
1340 257 1484 298 impedit,
1512 258 1681 298 quominus
1700 257 1809 288 verbis
1835 238 2003 288 ludibrium

210 328 300 369 insit,
327 329 363 356 ut
389 324 443 355 ille
468 321 807 362 Ebu-Abi-Labidus,
845 320 898 359 qui
927 323 1053 359 poetam
1089 318 1216 349 laedere
1251 318 1409 357 voluerit,
1449 322 1596 358 tanquam
1634 317 1833 358 experientia
1867 316 2003 348 edoctus

211 387 421 420 describatur.
472 385 574 414 Poeta
602 383 699 424 igitur
726 391 763 413 se
790 387 846 412 aut
874 390 946 412 cum
974 380 1069 410 leone
1095 375 1313 419 comparavit,
1340 388 1412 409 nam
1438 379 1513 409 voci
1539 375 1676 425 *2405*
1710 379 1775 408 leo
1787 377 1849 408 nis
1875 376 2005 419 signifi-

212 450 296 482 catio
323 453 391 489 est,
427 452 481 478 aut
516 456 554 476 se
582 446 686 485 ipsum
711 444 867 475 audacem
893 447 1006 473 contra
1033 441 1148 472 hostes
1176 441 1347 482 describit,
1383 451 1453 471 nam
1480 446 1513 471 et
1538 441 1620 471 hanc
1644 439 1911 480 significationem
1937 448 2006 469 vox

210 513 316 544 habet.
345 510 425 542 Voci
450 507 544 546 κήκ-αἱς
575 517 671 538 »num
697 517 769 536 eum
796 510 982 537 contentum
1008 503 1168 533 reddidit«
1198 502 1324 533 ludibrii
1350 501 1425 541 quid
1451 502 1547 543 inest,
1573 512 1645 532 nam
1674 512 1708 532 re
1723 511 1804 532 vera
1823 504 2005 532 contentum

213 585 284 607 eum
312 583 374 604 non
399 572 547 612 reddidit,
570 571 630 601 sed
657 579 750 609 quum
771 569 812 610 ei,
839 566 1100 607 quemadmodum
1119 570 1270 604 mereret,
1297 564 1488 606 retribuerit,
1516 566 1586 596 eius
1605 563 1722 606 agendi
1742 565 1898 594 rationem
1914 562 2005 603 quasi

212 646 414 680 provocasse
438 635 580 674 videtur,
606 638 641 664 ut
666 643 706 663 ea
732 635 902 662 contentus
932 638 1008 659 esse
1035 628 1162 659 debeat.

211 744 282 791 (ᾗ).
308 742 438 787 Εθῖ.)
460 747 494 775 2.
517 745 584 776 Sed
604 745 663 774 Ιιοο
679 753 733 773 vos
748 752 809 772 non
818 743 960 782 facietis,
972 741 1079 776 donec,
1098 740 1146 768 sic
1158 738 1299 777 equidem
1309 740 1396 776 puto,
1411 740 1589 767 extremum
1602 736 1723 774 lignum
1729 736 1858 774 flamma
1869 736 2005 772 attingit.

311 826 478 863 Metuens,
506 827 539 854 ut
566 822 730 853 consilium
757 823 949 860 sequantur,
987 827 1043 849 eos
1071 826 1133 847 non
1160 815 1326 856 quieturos
1353 819 1456 857 putat,
1494 814 1595 845 donec
1622 814 1736 844 malum
1762 813 1803 844 ad
1829 816 2005 844 extremum

212 887 390 929 perveniat.
444 886 612 917 obiectum
640 883 732 914 vocis
759 877 862 928 &³2²ss
891 882 1045 911 omissum
1072 882 1145 919 θεῖς
1182 877 1242 907 sed
1277 886 1320 906 ex
1355 876 1462 906 verbis
1488 884 1607 906 versus
1633 875 1856 906 antecedentis
1882 883 2006 916 cogno-

213 951 335 992 scitur,
376 949 469 990 qnasi
505 948 640 979 dixerit:
673 941 799 993 &etas-„35
831 937 933 990 &4215
961 939 1059 988 μηδ,
1090 941 1183 971 »Vos
1209 949 1272 969 non
1301 939 1533 970 abstinebitis«.
1585 937 1707 968 Malum
1733 937 1913 977 bellumque
1938 945 2008 967 cum

212 1013 288 1055 igne
315 1010 492 1051 comparari
516 1008 652 1039 vidimus
680 1008 789 1047 (Ham.
816 1018 846 1047 p.
873 1019 906 1036 vv
932 1015 965 1037 v.
985 1005 1015 1035 1.
1043 1014 1073 1044 p.
1102 1004 1142 1033 ΙἹν
1167 1012 1200 1033 v.
1220 1003 1250 1033 1.
1279 1012 1310 1043 p.
1338 1004 1379 1033 W!
1407 1013 1440 1033 v.
1457 1002 1521 1042 3.).
1572 1001 1709 1034 Verbis:
1740 1000 1864 1031 »donec
1876 1001 2008 1032 flamma

212 1082 376 1108 extremas
402 1074 480 1115 ligni
506 1077 614 1113 partes
641 1071 808 1111 arripuit«,
834 1068 1022 1111 significare
1048 1067 1131 1106 vult,
1162 1075 1228 1096 rem
1254 1065 1294 1096 ad
1319 1075 1475 1096 summum
1502 1069 1536 1095 et
1561 1067 1740 1095 extremum
1766 1062 1859 1094 finem
1884 1073 2007 1103 perve-

213 1140 313 1171 nisse.
365 1138 415 1168 De
440 1144 524 1167 voce
549 1131 629 1169 &ist
659 1133 769 1165 confer
795 1143 826 1173 p.
854 1134 888 1163 w·
913 1141 946 1162 v.
976 1131 1010 1161 5.

215 1249 249 1280 3.
271 1247 359 1278 Mihi
378 1248 483 1276 autem
505 1245 645 1274 maxime
665 1243 766 1273 odiosi
785 1251 903 1277 eorum,
928 1250 1008 1280 quos
1032 1240 1142 1278 linqua
1163 1246 1233 1267 men
1254 1235 1358 1273 laedit,
1382 1236 1407 1264 ii
1425 1238 1510 1271 sunt,
1535 1245 1555 1265 a
1577 1245 1638 1275 quo
1659 1235 1766 1265 hostes
1787 1235 1915 1273 repello,

314 1328 359 1359 Se
385 1335 484 1368 aegre
509 1325 595 1355 ferre
621 1323 708 1362 dicit,
735 1320 819 1361 quod
844 1319 1009 1359 homines,
1036 1326 1118 1358 quos
1145 1318 1255 1347 contra
1283 1312 1429 1343 homines
1457 1312 1625 1355 defendat,
1663 1322 1700 1343 se
1727 1313 1772 1344 ita
1797 1323 1935 1355 gerere,
1972 1317 2009 1344 ut

216 1395 326 1432 satyra
352 1399 410 1420 eos
436 1387 658 1428 perstringere
683 1388 829 1426 cogatur.
857 1383 937 1412 'l'um
952 1382 1096 1422 ingratus
1123 1389 1233 1409 eorum
1249 1378 1384 1419 animuS,
1403 1381 1468 1408 tum
1488 1376 1572 1416 quod
1590 1376 1792 1418 cognationis
1805 1376 2008 1407 immemores

216 1454 291 1495 sint,
319 1451 360 1484 ad
385 1455 529 1491 satyram
557 1458 629 1478 enm
656 1447 795 1477 maxime
821 1445 989 1475 excitasse
1015 1442 1153 1473 videtur.
1195 1441 1230 1470 In
1255 1440 1357 1470 hocce
1383 1448 1485 1469 versu
1511 1442 1620 1469 rectus
1646 1439 1818 1469 verborum
1844 1439 1922 1469 ordo
1948 1438 2010 1469 de-

217 1516 394 1554 sideratur3
422 1522 494 1542 nam
519 1511 600 1541 inter
625 1510 746 1548 verba,
773 1517 854 1548 quae
881 1507 922 1537 ad
948 1515 1078 1536 sensum
1104 1502 1312 1544 comparativi
1337 1501 1430 1532 vocis
1456 1500 1548 1542 '52:235
1575 1501 1796 1541 complendum
1821 1501 2010 1532 necessaria

215 1582 300 1616 sunt,
326 1585 442 1607 vocem
467 1572 501 1610 gi
529 1572 619 1603 metri
644 1571 766 1602 ratione
793 1570 906 1600 ductus
932 1566 1136 1605 interposuit.
1177 1566 1258 1595 Post
1282 1572 1397 1594 vocem
1423 1559 1507 1601 [gu-s
1535 1563 1564 1593 ei
1590 1563 1681 1593 locus
1709 1563 1859 1594 convenit
1885 1560 2008 1607 (conf,

216 1640 328 1672 Gram.
355 1638 411 1668 Ar.
441 1637 532 1666 1211.
552 1645 582 1675 p.
605 1634 717 1673 6090.
768 1632 913 1662 Huiusce
938 1631 985 1661 rei
1012 1630 1191 1669 exemplum
1216 1628 1248 1658 in
1275 1636 1390 1668 versu,
1416 1635 1507 1665 quem
1523 1625 1827 1656 Abu-Obbaidahus
1866 1625 2012 1667 adduxit,

218 1700 398 1732 invenitur:
429 1695 541 1739 (metr.
561 1695 705 1734 'l'hain
730 1694 829 1724 Num
857 1692 1004 1723 tristis
1031 1702 1097 1734 es,
1124 1692 1161 1722 si
1186 1700 1301 1722 mors
1328 1690 1376 1720 ad
1403 1689 1574 1720 animam
1602 1689 1738 1730 venit,
1765 1693 1803 1719 et
1830 1698 1903 1719 cur
1929 1697 2008 1718 non

218 1764 263 1795 ab
290 1772 339 1793 ea
365 1759 572 1800 repellis,
611 1766 715 1797 quae
748 1756 872 1786 inter
908 1754 990 1785 duo
1024 1758 1098 1785 tua
1133 1754 1277 1784 latera
1310 1756 1379 1782 est
1412 1751 1449 1790 [i.
1477 1760 1506 1780 e.
1534 1759 1590 1780 cur
1615 1750 1752 1780 animam
1777 1759 1798 1780 a
1822 1752 1921 1779 morte
1947 1758 2010 1779 uon

216 1824 393 1863 defendis).
443 1820 652 1852 Scribendum
678 1822 785 1849 autem
811 1817 887 1849 fuit:
913 1815 1041 1856 &ste-lx?-
1068 1829 1128 1864 0-*2‘
1154 1814 1216 1859 &tii
1247 1827 1300 1861 σε
1328 1816 1416 1862 305
1446 1810 1528 1853 3142.

219 1935 251 1964 4.
279 1934 410 1963 Vicinus
433 1934 538 1961 autem
560 1931 671 1959 domus
692 1938 781 1958 meae
801 1937 864 1957 non
885 1929 1063 1965 interrogo:
1095 1926 1211 1957 Utrum
1232 1924 1377 1954 absentes
1399 1923 1507 1951 mariti
1527 1922 1626 1951 vestri
1644 1923 1722 1950 sunt
1742 1929 1784 1950 an
1803 1919 2011 1958 praesentes?

320 2010 514 2041 Castitatem
541 2018 632 2039 suam
657 2006 766 2037 laudat
792 2009 889 2045 poeta
915 2004 1058 2035 fortasse
1084 2003 1246 2034 diversam
1273 2002 1388 2032 inimici
1416 2001 1467 2032 sui
1492 2001 1644 2031 rationem
1675 1998 1866 2039 respiciens.
1917 1998 2011 2028 Mer—

220 2073 334 2104 sukius
359 2076 466 2102 autem
494 2070 534 2101 ad
561 2080 673 2100 eorum
699 2068 891 2099 sententiam
918 2068 1073 2103 accessit,
1101 2065 1154 2105 qui
1181 2069 1306 2106 putant,
1333 2064 1364 2094 in
1390 2063 1450 2094 hoc
1476 2072 1578 2093 versu
1604 2065 1730 2102 poetam
1753 2060 1911 2090 castitatis
1928 2068 2010 2089 non-

220 2137 294 2168 dum
320 2135 476 2166 rationem
502 2133 666 2171 habuisse,
691 2132 809 2171 quippe
836 2130 927 2161 cuius
952 2131 984 2159 in
1009 2127 1215 2167 sequentibus
1243 2128 1361 2156 mentio
1387 2125 1462 2167 fiat3
1501 2124 1561 2154 sed
1599 2133 1669 2154 eum
1704 2123 1826 2153 vicinas
1863 2130 1926 2151 non
1966 2121 2010 2152 ita

222 2209 334 2231 curare
347 2221 358 2240 ,
395 2202 449 2235 ut,
491 2206 573 2236 quae
600 2197 665 2225 sint
690 2204 795 2225 earum
821 2203 874 2224 res
886 2217 895 2231 ,
921 2199 1120 2233 cognoscere
1146 2188 1296 2228 studeat,
1322 2186 1588 2229 quemadmodum
1615 2186 1696 2216 alius
1722 2183 1850 2224 quidam
1876 2183 2009 2213 dixerit:

223 2264 327 2303 (metr.
343 2260 472 2300 Camel)
497 2257 592 2295 uei-25>
607 2255 663 2301 εἳ),
682 2255 731 2287 [Μ
749 2253 822 2304 &¹25
842 2253 867 2289 „b
883 2251 988 2299 2³:235&
1006 2257 1093 2293 Ἀρ,
1110 2266 1152 2291 ψη
1170 2248 1205 2291 gi
1226 2248 1266 2279 535
1295 2249 1323 2288 Q
1340 2259 1438 2280 uum
1464 2258 1479 2278 r
1495 2258 1559 2278 em
1584 2256 1751 2277 novam
1779 2255 1797 2276 e
1824 2243 2009 2286 quodam

223 2329 385 2356 tractu
413 2321 599 2358 adfert,
626 2327 715 2360 ego
742 2318 808 2347 nil
834 2318 962 2358 eius,
990 2314 1114 2357 quod
1140 2323 1257 2354 pone
1283 2312 1437 2342 velum
1464 2314 1560 2348 est,
1579 2316 1892 2350 cognoscere
1917 2310 2010 2335 stu-

223 2388 243 2418 d
256 2397 274 2418 e
287 2396 316 2416 o.
356 2387 428 2427 Ego
453 2394 533 2415 vero
560 2383 591 2413 in
619 2391 658 2412 eo
671 2404 680 2420 ,
707 2381 791 2420 quod
817 2382 1017 2420 castitatem,
1044 2386 1126 2417 quae
1152 2377 1213 2416 ipsi
1240 2373 1327 2404 cordi
1354 2376 1405 2404 est·
1414 2395 1425 2412 ,
1451 2372 1591 2412 pluribus
1615 2370 1764 2400 versibus
1790 2368 2010 2407 descripserit,

224 2450 265 2480 nil
292 2449 366 2480 mali
391 2447 498 2478 viden.
549 2445 643 2476 Alius
671 2443 794 2483 quidam
822 2446 919 2482 poeta
945 2449 982 2469 se
1008 2438 1051 2468 nil
1077 2438 1203 2468 vicinas
1231 2439 1393 2468 curantem
1424 2435 1533 2465 verbis
1570 2433 1780 2474 sequentibus
1817 2430 2009 2469 descripsit:

224 2507 331 2553 (metr.
360 2503 499 2550 Redjes)
527 2506 554 2537 0
580 2505 780 2535 vicinae
820 2506 1023 2532 nostrae
1063 2498 1199 2533 duae!
1240 2507 1359 2538 quae
1401 2496 1479 2527 diu
1517 2496 1560 2525 in
1599 2493 1873 2534 propinquo
1911 2499 2009 2521 meo

226 2572 376 2609 estiS,
412 2569 577 2598 nescio
606 2565 716 2605 (nisi
751 2563 872 2605 quod
911 2561 1206 2593 coniectura
1233 2558 1438 2600 opinor),
1473 2560 1629 2587 utrum
1662 2553 1786 2584 daem
1804 2560 1923 2582 ones
1959 2560 2010 2581 an
