2247 2865
970 95 1238 126 -596—

217 204 353 233 videtur.
409 203 530 232 Vocem
562 196 675 238 aas&
702 197 816 237 duplici
844 195 933 226 modo
961 195 1115 235 explicari
1141 204 1257 234 posse,
1285 193 1401 224 dicunt.
1455 194 1520 223 Aut
1556 193 1766 223 submissi
1792 193 2006 234 significatio-

217 276 285 296 nem
313 265 441 303 habere,
470 264 574 304 qualis
603 264 632 292 in
659 262 712 291 via
739 260 874 299 pedibus
902 259 1022 288 calcata
1049 258 1244 295 inveniatur,
1272 261 1326 286 aut
1355 256 1580 286 vulnerati
1607 259 1646 286 et
1675 255 1891 293 dissecti,
1919 263 2007 293 quam

220 326 487 368 significationem
517 324 707 364 Djeuharius
735 331 814 351 voce
841 319 928 369 Chiis>
955 319 1129 359 explicandi
1158 329 1258 348 causa
1285 319 1392 349 addita
1419 318 1595 348 adnotavit.

217 411 249 440 3.
282 410 401 439 Paculo
432 411 540 438 mot-lis
568 418 637 437 eam
661 409 776 444 riyari't
796 406 941 443 yludins.
976 406 1042 437 cui,
1075 413 1170 441 quum
1199 405 1402 440 evayz'nalnr,
1433 413 1477 432 ex·
1505 405 1591 432 annm*
1612 403 1745 440 speculi?
1767 403 1875 431 dentes
1903 403 2012 430 mortis

1040 460 1191 487 arrident.

311 533 457 564 ¹Caedem
486 532 569 561 illius
601 531 786 560 describens
815 529 954 571 gladium
991 538 1083 558 suum
1112 528 1230 558 laudat.
1283 529 1420 558 Mortem
1456 537 1526 557 cum
1561 533 1638 567 potu
1672 531 1887 566 comparatam
1922 535 2009 566 esse,

218 595 310 626 cuius
339 594 487 633 poculum
515 593 697 633 porrigitur,
727 593 816 621 [him.
845 602 873 630 p.
899 593 951 620 ΝΛ
977 601 1010 622 v.
1030 591 1063 619 4.
1091 589 1175 620 conf.
1208 600 1236 629 p.
1268 591 1321 619 ΨΜ
1350 588 1424 627 θ’ἢκ)
1453 589 1599 618 vidimus.
1654 590 1745 618 Mors
1773 598 1844 618 cum
1873 589 2011 627 persona

220 661 404 695 comparata
432 654 550 695 gladio,
579 657 631 694 qui
661 656 749 683 viros
779 655 866 684 morti
896 654 961 694 (lat.
990 656 1083 696 signa
1114 654 1236 683 faciens
1266 652 1383 681 arridet
1411 651 1514 681 conf.
1543 652 1635 680 Ham.
1666 661 1694 690 p.
1722 650 1764 680 5²5⁸
1790 661 1822 680 v.
1853 651 1885 681 2.
1939 651 2010 680 Hoc

216 724 324 748 autem
351 720 381 747 in
409 727 509 747 versu
536 717 620 745 risus
648 716 794 745 dentibus
823 716 1032 746 anterioribus
1061 716 1261 754 adscribitur,
1289 713 1370 753 quod
1398 713 1510 744 dentes
1538 714 1567 743 in
1588 714 1713 744 ridendo
1735 718 1900 753 apparent.
1944 714 2011 744 De-

217 781 329 810 scribit
357 790 451 820 porro
480 784 614 809 mortem
641 783 787 818 tanquam
817 779 959 808 omuibus
988 778 1064 808 locis
1091 777 1310 817 speculantem
1340 781 1370 806 et
1397 781 1651 818 exspectantem,
1680 777 1706 806 si
1720 777 1848 818 gladius
1866 778 2011 816 eiquen-

217 843 288 872 dam
317 843 443 872 obviam
471 843 586 872 mittat.

218 930 250 958 4.
276 928 302 958 O
324 938 403 965 qens
427 927 523 964 lhdjl,
546 935 628 964 qens
651 926 746 962 lhdjl,
772 935 852 964 quae
874 925 989 953 talione
1006 927 1210 962 pereyrinnm
1233 925 1320 962 apud
1340 934 1397 953 nos
1419 935 1436 953 e
1455 928 1548 962 qente
1569 925 1689 954 Jalmib
1710 923 1853 953 occidit!

318 998 389 1027 Hoc
416 997 445 1026 in
472 1006 571 1026 versu
600 999 725 1037 gentem
751 995 913 1033 vituperat
940 995 1135 1034 deridetque⁴
1160 1004 1242 1035 quae
1270 993 1379 1024 caedis
1407 998 1569 1024 auctorem
1598 994 1663 1024 ulta
1690 1004 1751 1024 non
1781 993 1846 1034 sit3
1874 992 1932 1023 sed
1962 991 2012 1021 in—

221 1063 397 1095 nocentem,
424 1058 628 1098 peregrinum
656 1057 830 1086 necaverit.
883 1057 1021 1087 'l'alionis
1049 1057 1098 1086 ius
1126 1057 1279 1096 postulat,
1308 1061 1342 1086 ut
1369 1059 1440 1097 ipse
1468 1057 1587 1086 occisor
1615 1057 1779 1087 occidatur
1802 1061 1868 1096 aut,
1896 1056 1922 1085 si
1940 1055 2012 1095 plu·

221 1130 274 1150 res
305 1129 464 1160 personae
490 1120 620 1159 ignotae
647 1119 808 1148 occisores
839 1124 1050 1159 putarentur,
1078 1125 1125 1149 tot
1152 1121 1212 1150 viri
1239 1120 1382 1150 eiusdem
1408 1120 1537 1161 gentis,
1565 1125 1642 1160 quot
1670 1121 1769 1150 occisi
1795 1124 1927 1157 essent,
1955 1129 2013 1149 ne-

219 1187 377 1212 carentur.
432 1181 524 1219 Quod
552 1182 579 1210 si
606 1181 701 1221 igitur
729 1181 800 1220 quis
836 1182 1061 1222 peregrinum,
1101 1183 1150 1221 qui
1179 1183 1208 1211 in
1236 1188 1334 1223 gente
1362 1182 1504 1222 habitat,
1539 1183 1606 1212 iure
1642 1182 1767 1212 talionis
1803 1185 1917 1222 necat,
1954 1180 2013 1210 hoc

220 1245 393 1274 iniustitiae
422 1243 619 1274 tribuendum
648 1242 786 1282 indicat,
814 1244 946 1273 alterum
974 1254 1011 1273 se
1039 1245 1129 1274 nimis
1158 1244 1290 1274 debilem
1320 1245 1461 1282 habere,
1496 1254 1589 1284 quam
1618 1249 1651 1274 ut
1677 1244 1777 1283 ipsam
1805 1247 1935 1283 gentem
1963 1243 2013 1272 ul-

219 1308 364 1337 ciscatur.
418 1306 557 1337 Gentem
586 1311 733 1345 tanquam
760 1315 927 1345 personam
956 1307 1135 1345 alloquitur.
1189 1306 1280 1337 Gens
1308 1306 1387 1346 lhdjl
1417 1315 1489 1346 pars
1522 1306 1626 1347 gentis
1657 1304 1780 1335 Rabiah
1808 1309 1867 1334 est.
1922 1304 2014 1345 lhdjl,

219 1375 331 1400 auctor
365 1372 495 1411 gentis>
533 1369 617 1399 filius
651 1369 808 1408 Lodjaimi
836 1369 852 1398 b
891 1368 983 1398 Zahb
1013 1370 1042 1399 b.
1070 1370 1143 1399 Alili
1172 1370 1201 1399 b.
1232 1371 1313 1401 Beer
1341 1371 1369 1402 b.
1397 1370 1509 1410 Wajel
1538 1374 1607 1408 θεῖς
1645 1369 1763 1398 Jalizib
1790 1377 1868 1398 vero
1897 1367 2014 1397 familia

220 1433 328 1474 gentis
356 1433 470 1462 Jemen
499 1438 560 1465 est.
614 1431 713 1461 Priori
739 1431 811 1460 voci
838 1431 930 1467 δῆθε
957 1441 1053 1461 casus
1081 1433 1294 1462 nominativus
1322 1432 1483 1469 convenit,
1511 1431 1679 1470 posteriori
1707 1435 1771 1460 tam
1799 1429 2014 1459 nominativus

222 1503 314 1533 quam
342 1503 440 1523 casus
467 1494 670 1523 accusativus
699 1493 765 1523 dari
797 1499 905 1532 potest
934 1493 1064 1531 (Gram.
1092 1494 1149 1524 Ar.
1177 1496 1270 1525 '1‘.11.
1299 1505 1328 1534 p.
1347 1495 1403 1524 90.
1456 1493 1657 1523 Scholiastes
1686 1492 1774 1530 dixit,
1803 1493 2013 1531 posteriorem

220 1566 333 1586 vocem
371 1557 592 1586 accusativum
630 1558 797 1595 accepisse
834 1555 925 1585 modo
961 1557 1194 1595 apppositionis
1231 1563 1285 1586 aut
1320 1554 1387 1594 ὁιλρ
1422 1559 1473 1586 aut
1506 1553 1604 1600 044ss
1636 1552 1729 1587 ero-222
1756 1565 1774 1585 a
1801 1552 2015 1595 grammaticis

220 1619 400 1658 appellatae
437 1618 526 1657 (ibid.
549 1628 576 1657 p.
591 1618 702 1656 284.)
757 1618 879 1647 Vocem
906 1617 1035 1663 Offsstffll
1064 1625 1169 1649 autem
1199 1629 1268 1649 cum
1296 1629 1376 1649 voce
1404 1619 1495 1657 &qr-x:
1523 1619 1711 1656 cohaerere,
1738 1617 1853 1657 quippe
1881 1621 2014 1654 utraque

222 1691 289 1712 vox
317 1682 444 1712 easdem
473 1690 630 1721 personas
665 1681 832 1721 designet,
870 1679 981 1718 modo,
1019 1689 1078 1719 quo
1115 1681 1142 1710 in
1171 1681 1296 1710 Corano
1331 1678 1420 1722 (Sur.
1450 1680 1515 1718 50,
1549 1677 1620 1722 15.)
1655 1679 1754 1709 verba
1780 1675 1887 1720 0⁸2),ss
1914 1677 2012 1716 ρ,

220 1753 301 1783 quae
329 1744 460 1774 eandem
490 1753 555 1773 rem
583 1742 774 1783 designent,
809 1744 974 1772 coniuncta
1001 1743 1073 1772 sint.
1127 1742 1269 1772 Similem
1297 1742 1506 1783 coniungendi
1536 1741 1661 1771 modum
1692 1740 1823 1779 reperiri
1850 1740 1879 1768 in
1905 1738 2013 1768 verbis

221 1802 326 1851 0,*ῌὶ
353 1808 433 1837 eii>
461 1806 553 1844 (Sur.
570 1806 628 1845 56,
647 1806 735 1843 950,
763 1804 836 1834 dum
865 1805 914 1834 alii
942 1805 1024 1835 haec
1052 1805 1152 1834 verba
1179 1805 1284 1846 modo,
1312 1815 1371 1844 quo
1393 1806 1492 1834 verba
1520 1802 1623 1850 OQ*
1651 1815 1721 1849 02⁸⁸
1747 1806 1777 1832 et
1804 1799 1905 1847 03:3²2„
1928 1798 2014 1840 025⁰

222 1877 367 1898 connexa
394 1869 469 1909 sint>
498 1869 666 1899 coniuncta
693 1877 769 1897 esse
797 1868 906 1897 veiint.
960 1869 1097 1897 Versum
1125 1873 1230 1898 autem
1258 1878 1326 1898 cum
1357 1868 1461 1907 priore
1489 1877 1588 1897 sensu
1616 1876 1677 1896 non
1705 1867 1895 1907 cohaerere,
1922 1874 2014 1895 nemo

221 1941 281 1961 non
309 1932 407 1962 videt.

220 2016 251 2044 5.
281 2016 404 2044 Iniuste
426 2018 456 2043 et
477 2015 558 2044 male
577 2017 705 2054 eyislis,
740 2025 835 2054 quum
861 2018 1063 2053 pereqrimem
1093 2016 1154 2045 ulti
1175 2019 1270 2053 estis,
1305 2015 1563 2054 quemadmodum
1589 2014 1800 2052 praedicatis,
1832 2021 2012 2051 pauperem,

1012 2071 1218 2098 innocentem.

321 2137 459 2168 Causam
486 2137 734 2175 vituperationis
763 2137 904 2176 exponit.
956 2137 1106 2167 Scholion
1134 2143 1260 2178 autem,
1295 2147 1387 2176 quum
1416 2136 1571 2176 quandam
1600 2135 1821 2166 difficultatem
1849 2134 2016 2174 praebeat,

221 2200 417 2230 verbotenus
451 2199 642 2229 vertendum
677 2205 773 2238 puto:
812 2200 847 2229 Si
879 2201 949 2239 quis
983 2200 1184 2241 interrogat,
1221 2200 1345 2232 ubinam
1380 2199 1442 2229 duo
1478 2199 1568 2228 verbi
1598 2203 1712 2244 staua)-
1741 2198 1864 2227 obiecta
1890 2196 1954 2227 sint
1982 2201 2014 2225 et

217 2262 374 2302 quomodo
404 2271 441 2292 ea
469 2262 570 2291 omitti
598 2262 710 2296 liceat,
745 2271 808 2302 ego
836 2262 1036 2301 respondeo:
1076 2262 1205 2293 Omissa
1231 2266 1305 2292 sunt
1332 2262 1415 2291 sicut
1442 2260 1472 2289 in
1502 2260 1610 2289 verbis
1638 2259 1755 2290 Corani
1786 2258 1859 2289 Sur.
1889 2258 1928 2299 6,
1956 2257 2013 2286 22.

217 2328 348 2372 03⁴²)‘3
375 2323 475 2361 Ἀῶ
504 2317 605 2369 (3,.ιρὁῖ
637 2321 799 2367 „sl-Usi.
826 2322 879 2369 Oai
911 2325 984 2354 »ubi
1011 2325 1089 2354 socii
1116 2324 1215 2354 vestri
1243 2329 1330 2363 sunt,
1358 2332 1438 2362 quos
1470 2323 1646 2353 dicebatis«
1676 2327 1708 2352 et
1726 2321 1757 2352 in
1771 2321 1880 2351 verbis
1898 2325 2014 2360 poetae

220 2387 346 2416 Comait
373 2387 482 2425 (metr.
511 2387 674 2426 Tbawil):
708 2386 949 2417 Secundum
985 2396 1105 2426 quem
1142 2387 1296 2416 librum
1336 2385 1534 2423 (Coranum)
1569 2387 1639 2414 aut
1670 2384 1809 2424 legem
1847 2380 2013 2420 (Sounah)

217 2441 356 2487 puta'S,
385 2459 533 2480 eorum
561 2458 731 2479 amorem
759 2448 841 2478 tibi
869 2447 1063 2478 dedecori
1092 2457 1190 2478 esse
1217 2451 1257 2477 et
1284 2443 1463 2477 censes?
1515 2446 1558 2475 Ut
1585 2445 1723 2475 enimin
1752 2453 1851 2477 versu
1879 2442 2014 2473 Comaiti

216 2511 341 2541 obiecta
368 2512 431 2541 duo
461 2512 552 2541 verbi
579 2507 693 2549 φης’(
719 2515 752 2540 et
778 2510 808 2539 in
838 2509 908 2540 loco
938 2510 1054 2540 Corani
1094 2510 1220 2539 obiecta
1254 2508 1315 2538 duo
1352 2510 1442 2539 verbi
1474 2511 1604 2556 &34³3ss
1631 2509 1752 2538 omissa
1785 2510 1877 2543 sunt,
1911 2506 1957 2535 sic
1983 2505 2016 2535 in

215 2583 312 2604 versu
345 2578 453 2604 nostro
489 2574 615 2603 obiecta
648 2573 737 2603 verbi
773 2578 909 2619 ,ax-et).
962 2572 1015 2602 Sic
1052 2572 1218 2602 verborum
1252 2581 1368 2602 sensus
1404 2570 1650 2602 constituendus
1686 2573 1756 2599 est:
1790 2566 1894 2606 Quum
1932 2569 2001 2598 iure
