2247 2865
1092 95 1171 117 xxix

236 179 391 219 plicandis
414 189 543 220 operam
567 178 651 212 dedi.
674 187 738 218 qua
760 179 789 209 in
814 187 849 208 re
870 178 931 209 etsi
953 178 1109 208 nonnullis
1132 177 1271 208 fortasse
1292 178 1397 208 minua
1419 179 1600 208 necessaria
1623 178 1779 209 adtulisse
1802 180 1930 221 videar,
1954 182 2027 213 mihi

238 233 311 264 boni
333 234 533 274 interpretis,
563 232 612 264 cui
633 233 719 265 nult-
742 233 892 268 occasio,
926 239 988 270 qua
1011 231 1166 260 scientiae
1190 230 1327 261 tenebris
1349 230 1453 261 lucem
1485 231 1631 272 adserat,
1662 234 1939 272 praetermittenda
1965 241 2027 275 est,

239 285 346 317 officio
368 286 497 318 functus
518 286 638 318 videor.
681 285 915 317 Adnotationes
936 290 1041 316 autem
1065 295 1153 316 meas
1177 286 1430 316 adnotationibus
1444 307 1452 321 ,
1481 296 1562 326 quac
1585 296 1625 317 ex
1656 287 1794 318 Arabum
1817 289 1945 320 scholiis
1968 289 2028 321 de-

239 349 433 378 sumseram‚
463 344 632 373 niaximum
655 348 776 382 partem
803 342 967 380 inserens,
991 341 1157 372 nonnullas
1180 346 1317 380 tantum,
1349 349 1481 380 quarum
1504 341 1583 371 ratio
1605 342 1768 380 postulare
1791 343 1970 384 videretur,
1999 345 2029 374 in

240 395 383 436 margine
403 397 502 436 posui.
1597 387 1600 390 .

322 483 356 512 lu
376 482 508 513 scholiis
532 482 628 514 latine
651 483 814 515 vertendis
836 493 899 515 non
922 489 984 516 tam
1007 485 1187 524 elegantiae
1214 484 1403 523 verborum,
1435 484 1549 523 quippe
1579 492 1670 523 quam
1703 483 1784 514 ullus
1815 483 1870 513 vix
1903 484 2032 523 assequi

243 536 360 574 possit,
383 536 533 578 studere,
562 547 656 578 quam
679 538 823 569 omnibus
852 544 914 569 tam
944 540 1028 570 clare
1051 547 1091 567 ac
1113 537 1267 576 dilucide,
1291 546 1385 576 quam
1408 537 1437 566 in
1459 536 1513 567 tali
1535 541 1724 576 argumento
1747 536 1813 565 fieri
1836 541 1955 575 potest,
1982 536 2032 566 lo·

242 589 294 628 qui
315 589 414 620 volui.
458 591 685 632 interpretandi
707 595 807 632 ratio,
829 601 922 634 quam
945 598 1080 623 secutus
1102 602 1171 622 snm
1196 592 1501 630 adnotationesquc,
1525 599 1606 630 quas
1628 589 1742 628 adieci,
1767 589 1833 619 tieri
1854 580 1981 630 potest,
2001 594 2035 620 ut

243 641 346 672 doctis
369 644 461 674 nimis
482 645 618 684 longae,
641 646 777 677 indoctis
800 648 893 676 iiirnis
916 647 1031 677 breves
1053 646 1236 683 videantur3
1259 655 1321 685 qna
1345 651 1447 675 autem
1471 646 1500 675 in
1523 655 1558 674 re
1581 654 1674 684 quam
1699 644 1825 674 distic-ile
1847 644 1906 684 sit,
1931 643 2035 674 omni-

246 694 305 725 bus
327 701 450 728 rectum
473 698 598 729 modum
623 705 741 738 tenere,
765 701 919 730 nemiuem
944 701 1028 730 latet.
1078 699 1299 740 Repetitioues
1322 709 1512 740 quamquam
1535 700 1565 730 iu
1587 708 1683 739 opere
1705 703 1768 728 tam
1794 699 1888 737 longo
1911 698 2036 729 omnino

244 749 356 780 evitari
379 760 482 791 neque
508 760 641 791 possunt
672 763 774 794 neque
800 754 934 792 debent,
966 758 1054 788 (nam
1082 756 1110 784 si
1139 755 1170 784 in
1193 754 1368 793 posteriore
1391 755 1498 793 operis
1521 757 1610 792 parte
1634 752 1741 791 plura,
1772 761 1854 791 quae
1876 753 1906 782 iu
1934 751 2037 791 priore

244 804 403 842 explicata
425 812 544 845 essent,
566 809 756 844 omisissem,
779 818 819 838 ne
841 809 987 849 singulae
1009 810 1113 848 operis
1138 814 1245 847 partes
1267 809 1423 839 obscurae
1448 812 1557 837 essent
1580 805 1731 843 lecturis,
1756 803 1929 835 verendum
1954 807 2038 839 crat)

245 862 350 889 tamen
372 868 454 899 quas
477 860 584 900 operis
605 864 684 892 ratio
703 863 909 903 permitteret,
933 864 1013 895 cavi.

308 947 447 978 Nomina
468 948 591 988 propria
607 948 734 988 quidem
759 951 834 980 talia
855 955 939 988 sunt,
963 957 996 982 ut
1018 952 1116 990 plura,
1141 951 1256 991 quibus
1278 951 1487 990 explicentur,
1513 950 1584 979 sine
1606 948 1776 988 legentium
1801 946 1916 977 damno
1939 946 2041 976 omitti

249 1002 390 1041 possint3
411 1003 611 1034 nihilominus
623 1012 715 1043 vero,
740 1014 822 1045 quae
832 1014 980 1035 versuum
994 1006 1159 1035 citatorum
1176 1005 1278 1034 inillis
1293 1005 1369 1034 locis
1393 1004 1472 1033 ratio
1494 1008 1593 1042 essct,
1617 1007 1649 1032 ut
1666 1002 1726 1031 illis
1742 1000 1870 1030 omissis
1895 1008 2041 1029 versuum

247 1056 369 1086 illorum
393 1066 492 1088 causa
515 1067 576 1088 non
599 1065 867 1097 cognosceretur,
899 1060 1064 1099 quominus
1088 1068 1212 1097 semper
1236 1059 1393 1095 facerem,
1425 1057 1596 1097 impeditus
1620 1058 1672 1088 sui.
1718 1057 1759 1087 Ut
1783 1055 1988 1095 repetitiones
2011 1056 2042 1084 in

247 1111 358 1142 iisdem
382 1118 551 1142 metrorum
574 1112 955 1154 homoioteleutorumque
977 1113 1147 1153 speciebus
1169 1112 1345 1142 indicandis
1369 1113 1536 1151 evitarem,
1561 1116 1623 1141 tam
1646 1111 1675 1140 in
1701 1110 1847 1140 versibus
1870 1108 2042 1146 Haiuasae,

249 1177 342 1208 quam
366 1170 398 1198 in
422 1169 607 1198 versibusin
621 1169 844 1198 commentario
869 1168 973 1197 citatis
996 1168 1144 1207 neglecta
1170 1169 1261 1196 metri
1284 1167 1587 1205 homoioteleutique
1609 1165 1738 1205 speciali
1761 1163 1942 1194 delinitione
1959 1163 2044 1202 operi

250 1222 388 1253 tabulam
410 1228 593 1263 metrorum,
616 1224 656 1252 ita
681 1229 713 1252 ιιι
729 1223 830 1252 locum
845 1222 911 1252 libri
935 1221 1008 1251 mei:
1034 1221 1244 1257 Dnrstellimy
1265 1221 1321 1249 der
1333 1220 1537 1249 Arabisclten
1555 1219 1801 1248 Verskunstelc.
1825 1217 1917 1247 Botm
1935 1215 2043 1253 1830,

250 1281 280 1309 in
305 1286 366 1318 quo
390 1284 452 1309 tam
476 1280 566 1310 metri
588 1289 682 1318 quam
705 1278 943 1310 homoioteleuti
966 1277 1077 1307 modus
1100 1276 1280 1315 explicatus
1303 1279 1412 1314 asset,
1434 1273 1663 1312 adscriberem,
1686 1272 1811 1310 addidi,
1834 1280 1915 1310 qnae
1937 1270 2044 1301 tabula

252 1333 419 1373 omnibus,
453 1335 568 1374 quibus
600 1335 709 1365 harum
744 1343 846 1367 rerum
880 1337 1062 1362 accuratam
1098 1330 1307 1370 cognitionem
1341 1329 1400 1358 sibi
1434 1337 1617 1367 comparare
1650 1327 1680 1356 iu
1712 1326 1816 1356 animo
1849 1331 1918 1365 est,
1958 1323 2046 1354 utili-

253 1388 308 1417 tati
331 1388 399 1417 erit.

336 1475 486 1506 iudicium
508 1476 594 1505 beati
619 1475 657 1505 dc
681 1475 781 1514 Sacyi
806 1481 870 1505 tum
895 1474 934 1504 de
958 1475 1126 1503 verborum
1150 1481 1248 1501 sensu
1270 1477 1335 1501 tum
1360 1469 1399 1500 de
1422 1469 1515 1498 modo
1540 1468 1665 1508 legendi
1689 1469 1804 1499 aliisve
1827 1469 1922 1499 rebus
1944 1469 2049 1500 multis

257 1534 286 1562 in
310 1532 389 1562 locis
411 1541 462 1561 me
486 1531 658 1569 adtulisse,
688 1530 803 1560 nemini
827 1540 888 1560 non
912 1529 1170 1559 commentarium
1195 1536 1297 1556 mcum
1321 1524 1488 1563 diligenter
1511 1523 1700 1563 perquirenti
1729 1523 1788 1552 sul)
1812 1523 1923 1553 oculos
1946 1523 2048 1553 cadet.

256 1586 358 1616 Cuius
381 1586 424 1615 rei
447 1593 576 1614 causam
599 1587 626 1613 si
649 1583 775 1613 silentio
799 1581 1080 1622 praetermitterem
1104 1579 1293 1618 praefationi
1316 1577 1411 1608 finem
1435 1577 1638 1617 impositurus
1661 1581 1692 1606 et
1716 1579 1801 1617 grati
1824 1578 1916 1607 animi
1932 1577 2050 1616 officio,

256 1651 318 1680 quo
340 1640 483 1671 manibus
506 1639 564 1668 viri
588 1638 771 1668 immortalis
794 1636 964 1666 obstrictus
987 1644 1113 1674 semper
1136 1644 1206 1668 ero,
1239 1632 1386 1663 deessem
1411 1637 1443 1662 et
1465 1632 1558 1667 viris,
1594 1639 1724 1670 quorum
1753 1630 1931 1670 benignitas
1963 1640 2051 1661 usum

258 1695 324 1726 libri
346 1693 386 1724 de
409 1693 551 1733 Sacyani
573 1700 694 1722 summa
717 1700 786 1720 cum
813 1690 997 1720 liberalitate
1022 1689 1096 1719 mihi
1120 1687 1292 1724 concessit,
1318 1686 1441 1716 debitas
1464 1685 1585 1725 gratias
1608 1685 1693 1715 haud
1709 1684 1934 1725 persolverem.
1966 1686 2052 1715 Bea-

258 1755 310 1780 tus
333 1748 372 1779 de
395 1749 526 1788 Sacyus
549 1756 642 1786 qunm
667 1746 828 1774 {lamasae
852 1745 976 1781 librum,
1007 1752 1068 1782 quo
1098 1744 1126 1772 iu
1157 1741 1275 1771 scholis
1297 1739 1442 1770 Arabicis
1464 1738 1502 1768 ad
1527 1737 1725 1768 exercendos
1748 1739 1873 1778 linguae
1895 1739 2053 1768 Arabicae

260 1803 424 1834 studiosos
449 1803 495 1831 uti
516 1801 649 1834 solebat,
677 1800 884 1838 absolvisset,
910 1807 971 1838 qno
994 1807 1070 1838 erga
1094 1807 1144 1827 me
1167 1801 1233 1826 erat
1257 1800 1388 1835 paterno
1413 1794 1632 1833 benevoleque
1652 1802 1779 1832 semper
1801 1796 1918 1831 animo,
1941 1797 2053 1826 litteris

259 1858 423 1888 certiorem
447 1867 497 1887 me
522 1856 607 1890 fecit,
632 1864 669 1885 se
692 1853 864 1893 exemplari
888 1862 946 1882 suo
963 1852 1124 1881 {ianiasae
1147 1852 1253 1890 plures
1277 1849 1498 1879 adnotationes
1522 1848 1743 1888 adscripsisse.
1767 1860 1856 1889 quas,
1881 1851 1907 1880 si
1927 1852 2053 1889 venem,

264 1917 294 1945 in
324 1924 426 1946 meum
454 1922 546 1944 usum
576 1909 803 1942 describendas
838 1912 970 1937 curaret.
1023 1907 1077 1935 Me
1108 1914 1228 1935 sumnia
1262 1913 1332 1934 cum
1363 1903 1529 1942 voluptate
1562 1904 1622 1932 ista
1656 1904 1753 1933 verba
1785 1904 1943 1945 legentem
1972 1905 2054 1936 haud

261 1974 445 2000 cunctanter
468 1969 536 1998 viro
560 1966 725 1996 immortali
748 1963 936 1993 desiderium
962 1970 1063 1991 meum
1089 1960 1306 1999 patefecisse.
1340 1967 1401 1987 non
1432 1962 1482 1986 est
1511 1956 1594 1996 quod
1625 1957 1743 1993 dicam;
1777 1958 1944 1997 sperabam
1974 1961 2053 1990 enim

263 2024 349 2064 fore,
376 2028 409 2052 ut
431 2023 502 2052 illae
525 2020 762 2055 adnotationes,
792 2027 872 2058 quas
903 2026 942 2045 ex
968 2025 1055 2045 more
1077 2024 1133 2043 suo
1157 2014 1236 2043 locis
1261 2011 1491 2042 difficilioribus
1521 2011 1668 2041 librorum
1700 2010 1894 2051 adspergere
1926 2013 2054 2043 soleret.

263 2087 357 2118 quum
380 2078 413 2106 in
434 2075 626 2106 scholiorum
650 2075 729 2104 locis
752 2071 894 2102 obscuris
918 2076 981 2100 tum
1004 2069 1141 2098 maxime
1166 2069 1193 2096 in
1218 2066 1363 2095 versibus
1384 2070 1548 2104 poetarum
1573 2065 1601 2094 in
1624 2064 1751 2093 scholiis
1777 2066 1882 2095 citatis
1906 2066 2055 2096 dubitanti

265 2131 338 2162 mihi
360 2139 476 2170 magno
499 2129 677 2160 adiumento
701 2129 782 2166 sint;
804 2126 882 2164 sed,
906 2125 983 2165 proli
1007 2121 1111 2171 dolor!
1143 2121 1309 2160 quominus
1333 2118 1489 2148 desiderio
1511 2127 1581 2147 meo
1603 2118 1722 2149 ardenti
1747 2118 1937 2158 satisfieret,
1971 2129 2055 2149 mors

264 2185 495 2224 superveniens
518 2183 689 2224 impedivit.
733 2183 774 2213 Ut
806 2186 912 2211 autem
943 2180 1004 2209 ista
1033 2177 1233 2214 calamitate,
1267 2184 1329 2213 qua
1359 2173 1414 2202 vix
1446 2182 1580 2212 uuquam
1610 2173 1735 2202 litterae
1765 2173 1882 2202 maiore
1909 2173 2055 2204 adflictae

267 2244 351 2273 sunt.
377 2245 464 2268 tanto
488 2237 602 2267 auxilio
624 2238 654 2266 in
677 2236 753 2266 libro
775 2235 877 2265 hocce
901 2233 1022 2263 edendo
1045 2230 1128 2262 haud
1152 2237 1284 2270 prorsus
1306 2228 1478 2258 destitutus
1501 2236 1620 2263 essem,
1645 2235 1738 2264 quum
1763 2226 1969 2256 bibliothecae
1990 2227 2057 2257 Re-

266 2295 359 2333 giae,
390 2300 468 2332 quae
493 2291 621 2320 Parisiis
645 2290 751 2327 floret,
782 2288 859 2318 liber
883 2288 943 2316 iste
966 2288 1158 2315 testamento
1183 2284 1308 2322 legatus
1329 2287 1434 2319 esset,
1468 2292 1487 2312 a
1507 2282 1574 2311 viro
1598 2280 1671 2309 mihi
1694 2279 1906 2317 amicissimo,
1937 2282 2057 2318 patriae

267 2356 346 2377 suae
369 2346 482 2377 decore
505 2350 536 2375 et
561 2346 638 2374 tanti
662 2345 718 2373 viri
740 2343 926 2384 dignissimo
948 2349 1137 2371 successore
1161 2336 1348 2368 Reinaud
1373 2338 1468 2376 petii,
1499 2340 1531 2365 nt
1563 2334 1644 2374 apud
1675 2335 1777 2373 viroS,
1806 2342 1887 2372 quos
1910 2334 2057 2373 precibus

268 2401 410 2432 aditurus
433 2409 558 2438 essem,
582 2399 770 2429 auctoritate
793 2407 851 2427 sua
874 2396 989 2436 optatis
1013 2395 1090 2424 meis
1116 2393 1200 2422 viam
1225 2391 1371 2430 aperiret.
1415 2390 1548 2420 Amicus
1572 2397 1663 2426 quum
1685 2388 1841 2423 vIrorum,
1871 2387 1984 2426 quibus
2007 2388 2057 2418 bi-

270 2455 444 2485 bliothecae
470 2453 593 2495 Regiae
615 2461 736 2481 summa
759 2460 835 2481 cura
858 2452 1029 2480 commissa
1053 2452 1121 2485 cst,
1144 2447 1266 2476 animos
1291 2444 1446 2475 desiderio
1470 2453 1539 2474 meo
1564 2444 1710 2472 faventes
1738 2440 1894 2480 vidisset,
1918 2443 1948 2471 si
1964 2442 2059 2472 modo

271 2510 354 2539 viam
378 2509 431 2538 tali
452 2509 483 2538 in
504 2518 539 2538 re
560 2516 578 2537 a
603 2506 728 2546 iegibus
751 2505 975 2544 praescriptam
999 2503 1117 2542 inirem,
1141 2501 1214 2540 quin
1237 2499 1305 2529 libri
1328 2507 1420 2527 usum
1444 2496 1526 2536 apud
1551 2500 1682 2535 penates
1707 2494 1894 2533 obtinerem,
1917 2504 1953 2524 se
1975 2495 2059 2526 haud

271 2563 413 2593 dubitare
435 2561 608 2601 rescripsit.
652 2560 693 2590 Et
716 2567 792 2598 spes
815 2567 865 2588 me
887 2567 948 2587 non
971 2557 1090 2587 fefellit.
1134 2554 1247 2592 Liber,
1283 2561 1346 2591 quo
1369 2561 1425 2590 per
1451 2549 1575 2588 aliquod
1607 2553 1728 2587 tempus
1757 2547 1854 2578 libere
1884 2554 2006 2588 uterer,
2042 2560 2059 2580 a
