2247 2865
990 89 1260 121 —552—

237 195 319 226 idem
346 203 422 225 esse
448 204 487 225 ac
515 189 609 239 aab?
625 189 721 238 ,sun
748 198 826 236 5³32,
858 195 1005 230 »tempus
1039 189 1133 220 modo
1170 198 1230 219 suo
1267 188 1423 219 incessit«
1457 188 1540 219 dicit.
1603 188 1745 227 Tempus
1781 198 1853 232 cum
1890 189 2025 230 camelo,

238 257 292 298 qui
317 257 464 287 alacriter
490 257 640 288 incedens
668 255 772 287 cauda
798 253 890 284 modo
907 253 1070 284 sinistrum
1089 252 1179 282 modo
1199 251 1347 281 dextrum
1368 252 1452 281 latus
1472 252 1619 291 percutit,
1651 255 1868 290 comparatum
1887 250 2025 281 videtur.

237 319 293 350 Sic
317 329 446 360 quoque
472 329 568 350 casus
596 319 726 349 adversi
754 322 787 348 et
813 317 1016 347 calamitates
1043 315 1075 345 in
1100 319 1211 345 nostro
1238 324 1349 344 versu.

235 419 269 448 2.
292 416 323 447 A
345 417 508 447 Manzuro
536 420 568 446 et
594 416 716 445 duobus
741 415 818 453 siliis
840 413 1047 452 BIoarredhi,
1078 416 1108 441 et
1136 412 1246 442 Saluio
1275 411 1496 450 Djabbaroque
1521 411 1680 440 uua-ilium
1709 412 1833 450 accepi,
1862 412 1923 439 imo
1943 410 2032 439 Dens

968 465 1126 495 auxilium
1147 465 1312 502 praestat!

338 540 447 579 Viros,
477 541 528 577 qui
556 538 585 567 in
613 542 702 567 tanto
729 546 836 566 rerum
867 535 1048 565 discrimine
1076 534 1105 564 ei
1132 535 1282 564 auxilium
1309 534 1559 574 praestiterunt,
1587 533 1727 573 appellat
1753 538 1786 563 et
1813 534 1881 564 Deo
1909 523 2035 574 gratias*

237 603 316 644 agit,
343 601 397 642 qui
419 600 613 641 permiserit,
640 604 676 629 ut
702 599 744 629 illi
771 599 830 629 viri
859 598 888 627 ei
916 598 1068 628 auxilium
1095 598 1229 628 ferrent.

237 713 271 742 3.
297 711 344 740 Et
362 709 524 750 profecto!
543 710 633 739 Deus
655 709 732 738 milei
753 717 860 737 eorum
884 717 1020 736 {ultorem
1042 708 1211 744 impertit-it
1231 710 1261 735 et
1282 717 1358 736 crus
1380 718 1481 737 meum
1505 707 1733 739 corroboravit,
1759 710 1926 744 postquam
1948 705 2037 734 Ιιαιιιί

777 761 908 790 mullum
932 761 1042 799 abfuit,
1066 763 1142 798 quin
1162 770 1220 798 pes
1241 771 1329 790 mmes
1351 762 1500 799 laps-aret.

238 832 272 861 4.
297 829 401 867 Quum
423 830 567 858 homines
588 828 641 857 viti
662 828 821 861 incedunt,
848 828 933 856 rides
955 838 1007 856 eos
1030 828 1181 856 lzabemes
1202 837 1302 856 fotum
1326 829 1434 856 ducem
1454 839 1593 865 caecum,
1618 829 1752 859 alterum
1773 832 1961 858 cernentem.

340 900 375 929 In
402 899 507 938 priore
535 907 635 927 versu
662 898 731 927 Deo
760 899 883 937 gratias
912 898 999 938 agit,
1027 897 1111 937 quod
1139 897 1240 935 ipsum
1268 896 1391 924 illorum
1420 895 1560 924 virorum
1587 904 1695 924 amore
1723 895 1878 924 beaverit.
1932 894 2037 933 Quum

245 964 349 996 cruris
377 973 454 993 osse
481 973 539 1002 pes
569 963 711 1002 nitatur,
740 961 769 990 in
796 970 897 990 versu
924 962 1026 990 cruris
1055 959 1246 988 mentionem
1277 958 1360 990 fecit.
1415 958 1450 987 Si
1478 967 1553 987 crus
1582 957 1703 987 firmum
1730 963 1817 997 stat,
1857 957 1950 988 homo
1978 967 2039 988 non

241 1026 374 1065 labitur3
410 1025 470 1054 sed
504 1024 564 1054 hoe
598 1024 628 1053 in
662 1024 732 1053 loco
770 1032 804 1052 re
838 1031 917 1051 vera
944 1030 1006 1050 non
1033 1022 1071 1051 de
1100 1022 1192 1060 lapsu
1220 1021 1331 1061 pedis;
1372 1021 1430 1050 sed
1458 1020 1497 1050 de
1524 1020 1695 1050 infortunio
1723 1030 1830 1050 sermo
1857 1025 1910 1050 est
1935 1019 2039 1050 conf.

240 1089 362 1120 Psalm.
395 1087 450 1127 18,
479 1087 536 1117 38.
590 1087 625 1115 In
651 1087 832 1125 posteriore
861 1087 950 1123 parte
979 1084 1152 1123 descriptio
1183 1088 1237 1113 aut
1265 1083 1303 1113 ad
1331 1083 1492 1112 adiutores
1520 1088 1576 1113 aut
1602 1083 1642 1113 ad
1669 1093 1739 1124 θος,
1767 1084 1820 1124 qui
1847 1093 1916 1113 euin
1943 1083 2042 1113 dese-

245 1154 394 1187 ruerant,
423 1149 534 1179 referri
562 1152 690 1189 potest,
725 1151 758 1177 ut
783 1148 884 1177 verba
913 1152 969 1176 aut
996 1146 1078 1176 laudi
1107 1150 1161 1175 aut
1187 1146 1413 1184 vituperationi
1441 1146 1513 1175 sint.
1567 1146 1602 1176 Si
1631 1146 1714 1176 laudi
1740 1151 1833 1184 suut,
1861 1146 1953 1184 dicit,
1981 1155 2039 1176 eos

243 1217 309 1243 tam
337 1216 448 1253 noctu,
475 1220 567 1250 quam
596 1220 724 1240 coccam
750 1210 937 1250 appellavit,
966 1218 1058 1248 quam
1086 1208 1148 1248 die,
1177 1217 1267 1247 quern
1295 1212 1442 1247 tanquam
1472 1214 1654 1238 cernentem
1683 1209 1844 1249 designat,
1872 1209 1902 1238 in
1928 1209 2041 1239 itinere

243 1284 332 1313 esse,
363 1279 398 1304 ut
425 1283 517 1304 nemo
546 1282 601 1303 eos
629 1272 765 1314 aggredi
793 1272 928 1310 audeat;
966 1271 1016 1300 sin
1045 1279 1123 1299 vero
1143 1270 1370 1308 vituperationi
1397 1275 1482 1308 sunt,
1510 1271 1696 1312 significant
1721 1272 1793 1301 illos
1821 1272 1860 1301 ob
1886 1272 2040 1313 ignoran-

243 1337 318 1368 tiam
346 1346 441 1376 quum
477 1337 610 1366 consilio
646 1336 877 1375 prudentiaque
914 1338 1064 1374 careant,
1102 1338 1135 1363 et
1171 1333 1211 1362 'iil
1239 1333 1311 1362 boni
1338 1337 1483 1372 paratu-n
1510 1333 1666 1375 habeant,
1704 1333 1742 1363 01
1769 1344 1861 1365 unum
1888 1345 2042 1375 quemque

243 1399 411 1430 consilium
439 1403 592 1439 rogantes
621 1407 655 1428 se
683 1402 878 1428 convertere
906 1401 938 1426 et
966 1399 1029 1425 lam
1059 1396 1192 1425 stultum
1220 1405 1310 1434 quam
1339 1395 1527 1435 prudentem
1554 1397 1656 1435 sequi.

243 1508 275 1538 5.
298 1508 391 1537 Duae
412 1507 554 1546 loquelae
574 1509 613 1536 iis
635 1510 719 1541 sunt,
745 1516 825 1545 quas
846 1507 988 1535 homines
1010 1508 1155 1534 metuunt
1175 1509 1206 1534 et
1224 1506 1306 1534 duae
1326 1506 1563 1542 modulationes,
1581 1516 1715 1544 quarum
1738 1516 1803 1536 lma
1815 1511 1919 1544 yram,
1943 1508 2044 1540 altera

1043 1561 1171 1595 inarata
1193 1562 1249 1604 est.

344 1630 387 1660 Et
414 1629 465 1659 hic
492 1639 624 1668 versus,
651 1629 723 1658 sive
750 1628 789 1658 ad
818 1638 913 1657 uuum
941 1627 1013 1657 sive
1038 1629 1077 1658 ad
1107 1628 1242 1658 alterum
1270 1634 1416 1668 spectat,
1457 1629 1571 1668 duplici
1608 1629 1700 1659 modo
1739 1630 1890 1669 explicari
1921 1636 2042 1670 potest.

245 1692 281 1723 Si
308 1693 409 1722 verba
435 1692 517 1721 laudi
545 1696 631 1732 sunt,
667 1701 787 1721 sensus
816 1696 886 1730 est,
928 1700 983 1721 eos
1014 1692 1158 1721 oratione
1183 1672 1247 1721 tam
1276 1692 1407 1721 metrica
1434 1701 1526 1730 quam
1554 1691 1661 1721 soluta
1687 1694 1754 1732 uti,
1792 1702 1883 1730 quam
1911 1693 1950 1722 ob
1977 1693 2043 1724 vim

245 1765 337 1786 suam
364 1755 542 1785 adversarii
571 1758 713 1784 metuant
742 1758 774 1783 et
799 1753 948 1792 loquendi
975 1752 1102 1782 modum
1131 1753 1283 1783 adhibere
1311 1754 1422 1784 amicis
1457 1759 1614 1796 gratum,¹
1635 1755 1828 1785 adversariis
1865 1756 2043 1797 ingratum3

247 1818 298 1848 sin
324 1826 403 1847 vero
430 1818 530 1846 verba
557 1816 787 1854 vituperationi
815 1816 1013 1855 inserviunt,
1041 1825 1160 1845 sensus
1189 1826 1265 1846 esse
1292 1817 1440 1858 videtur,
1469 1828 1526 1847 eos
1554 1818 1706 1856 duplicem
1736 1818 1881 1856 loquendi
1921 1818 2045 1849 modum

248 1881 351 1922 sequi,
380 1890 472 1919 quem
500 1885 667 1917 utrumque
696 1878 839 1908 homiues
866 1882 1020 1918 metuant,
1049 1877 1122 1907 dum
1141 1883 1214 1908 ante
1234 1880 1343 1909 oculos
1363 1880 1540 1917 adulentur,
1568 1885 1642 1919 post
1661 1884 1786 1921 tergum
1804 1882 2044 1911 calumnientur.

251 1943 393 1972 Similem
421 1951 548 1972 sensum
576 1945 672 1980 poeta
699 1940 826 1969 Nozaib
855 1940 985 1978 protulit
1013 1940 1042 1968 in
1071 1940 1131 1970 hoc
1158 1951 1256 1970 versu
1284 1939 1390 1984 (metr.
1418 1939 1579 1984 'l'hawil):
1606 1938 1667 1987 igis,
1689 1938 1763 1986 5,sp
1783 1940 1909 1988 (ἔμας
1935 1952 2046 1988 0345:

252 2002 338 2043 ..3.ῷῖ
360 1993 399 2033 >³5
428 2005 514 2044 (ἄψ-,ἐι
540 2002 665 2048 omnir-³²
690 2010 802 2047 034⁵?-
836 2002 924 2031 Una
949 2002 1044 2032 vice
1072 2008 1208 2033 amant
1235 2003 1378 2032 soluto
1406 2004 1528 2032 vultu
1556 2008 1600 2033 et
1627 2003 1768 2033 altera
1793 2006 1885 2034 vice
1912 2009 2047 2034 amant

252 2070 428 2096 austero
473 2066 597 2095 vultu
633 2065 857 2104 palpebris
896 2066 1153 2096 contractis.
1215 2066 1377 2095 Posterior
1413 2071 1519 2095 autem
1547 2075 1620 2106 pars
1647 2066 1803 2105 duplicem
1830 2075 1963 2096 sensum
1987 2066 2046 2096 ad-

252 2128 377 2159 mittere
404 2127 544 2165 videtur,
586 2128 658 2157 sive
686 2128 758 2157 voci
787 2129 894 2171 *395²*
920 2128 1015 2157 boni
1043 2129 1164 2170 (grati)
1193 2134 1248 2158 aut.
1276 2128 1437 2168 cogniti
1478 2129 1551 2158 sive
1579 2129 1651 2158 voci
1683 2125 1758 2172 55⁴1ae
1797 2129 1953 2170 ingrati
1991 2133 2047 2159 aut

253 2189 469 2230 incogniti
496 2188 762 2229 significationem
789 2189 909 2219 tribuis.
946 2190 981 2219 Si
1009 2191 1080 2220 boni
1107 2196 1140 2221 et
1166 2193 1284 2232 ingrati
1309 2190 1578 2231 significationem
1605 2200 1707 2220 voces
1735 2191 1872 2231 habeut,
1899 2191 1939 2221 de
1966 2191 2047 2221 adu-

254 2251 347 2282 lando
385 2256 417 2280 et
454 2249 673 2280 calumniando
709 2259 815 2279 sermo
843 2260 919 2280 esse
947 2256 1078 2293 potest,
1119 2253 1167 2282 sin
1208 2253 1327 2293 cogniti
1365 2257 1397 2281 et
1432 2252 1605 2293 incogniti,
1645 2261 1764 2282 sensus
1800 2252 1948 2283 diversus
1985 2256 2047 2281 est.

257 2311 373 2341 Modus
403 2320 525 2351 eorum,
555 2319 647 2348 quem
675 2309 705 2338 in
733 2311 915 2348 rumpendis
944 2312 1047 2350 pactis
1076 2313 1244 2353 adhibent,
1273 2323 1315 2342 ex
1343 2313 1436 2343 factis
1465 2323 1575 2343 eorum
1603 2315 1827 2354 cognoscitur,
1857 2323 1918 2353 quo
1945 2319 2050 2344 autern

257 2374 287 2402 in
317 2373 397 2403 dolis
425 2371 587 2402 struendis
612 2375 759 2412 utuntur,
787 2372 813 2401 is
842 2373 993 2413 cognitus
1021 2383 1082 2403 non
1110 2378 1170 2404 est.
1234 2375 1354 2404 Vocem
1383 2362 1444 2419 03
1472 2375 1658 2405 Mersukius
1685 2385 1769 2405 voce
1797 2375 1922 2420 vagjan
1949 2375 2050 2413 (dicta

258 2435 454 2474 parabolica)
483 2434 674 2474 explicavit3
712 2434 772 2464 sed
799 2444 862 2475 ego
889 2436 920 2464 in
948 2437 1076 2475 reliquis
1099 2438 1209 2467 verbis
1235 2446 1366 2466 causam
1394 2447 1455 2466 uon
1480 2437 1598 2477 video,
1627 2448 1681 2468 cur
1709 2438 1783 2468 voci
1810 2443 1873 2467 tam
1900 2438 2049 2477 specialis

217 2514 224 2521 ·
259 2498 452 2539 significatio
480 2499 648 2528 tribuatur.
701 2498 978 2539 Significationem
1003 2487 1117 2529 hocin
1141 2510 1242 2529 versu
1269 2510 1330 2529 non
1360 2501 1488 2530 multum
1516 2501 1644 2532 differre
1670 2506 1746 2541 puto
1774 2511 1793 2531 a
1819 2509 1903 2531 voce
1927 2498 2049 2536 giscala,

261 2570 331 2590 nam
359 2570 423 2590 vox
451 2550 512 2606 σὲ
539 2570 652 2590 sonum
678 2564 710 2590 ct
737 2560 893 2600 quandam
922 2561 1014 2591 vocis
1041 2560 1286 2592 modulationem
1314 2562 1470 2603 designat.
