2247 2865
982 104 1250 136 —312-

1028 204 1202 239 CXXI·

221 271 360 307 Dixit
377 271 601 314 Djahfan·
615 271 662 305 b.
679 271 876 306 (Dhlhah
890 270 1167 314 unversita,
1191 281 1342 314 quum
1357 272 1490 314 genti
1504 273 1687 307 ubkai!
1702 273 2012 308 occurrisset.

220 332 342 362 Poetae
369 331 433 362 fine
460 332 616 372 temporis
645 330 808 361 Hischami
835 330 864 359 b.
892 329 1145 361 Ahbd-Almalic
1172 331 1315 362 viventis
1335 342 1388 362 res
1405 333 1464 363 iam
1483 338 1579 363 antea
1594 333 1716 364 relatae
1731 337 1808 363 sunt
1825 332 1910 363 conf.
1926 342 1957 373 p.
1974 334 2012 363 Η.

220 442 250 472 1.
272 440 393 472 Eheu!
417 445 493 479 poet
521 441 603 470 diem
633 443 666 469 in
697 439 780 469 valle
808 439 932 470 Sahbal
959 450 1055 479 quum
1079 450 1099 469 a
1119 441 1187 471 Deo
1215 449 1279 469 non
1305 443 1439 478 punior,
1470 445 1600 472 mortem
1628 451 1730 471 meam
1756 444 1921 471 venturam
1943 451 2015 471 esse

1034 503 1097 523 720Ιῖ
1119 505 1204 524 (Hro-

318 566 364 598 Se
391 565 441 596 die
467 565 600 597 Salibali
631 574 728 605 quum
757 564 897 595 iniuriam
925 565 1009 595 ultus
1037 565 1096 603 sit,
1137 567 1273 594 mortem
1299 574 1361 594 non
1387 565 1511 607 timere,
1537 566 1566 596 si
1593 567 1631 605 (a
1656 567 1745 607 Deo)
1770 576 1834 597 non
1859 567 2015 607 puniatur.

220 631 344 661 Bonum
360 628 487 668 quidem
505 638 542 658 se
556 628 856 659 Mohammedanum
882 637 958 658 esse
986 628 1072 669 dicit,
1100 629 1152 669 qui
1181 628 1242 658 Dei
1268 637 1401 667 poenam
1428 630 1552 669 timeat,
1579 628 1636 659 sed
1661 629 1752 660 simul
1777 631 1880 660 virum
1899 630 2015 661 fortem

221 701 311 733 esse,
331 696 366 722 ut
394 700 527 731 poenam
553 692 664 723 mortis
693 692 732 723 ab
761 692 937 723 hominibus
967 690 1119 721 inflictam
1146 700 1208 720 non
1229 690 1350 720 timeat.
1378 690 1488 720 Verba
1506 688 1532 723 25
1553 688 1593 720 533
1613 695 1675 721 etc.
1693 693 1830 732 tempori
1844 693 2016 724 verborum

220 749 297 802 &Siai
323 749 342 783 Ἃ
371 753 551 784 definiendo
578 755 769 785 inserviunt.
822 755 932 786 Verba
957 762 1033 800 ιτς-ξ’,
1058 752 1097 800 Ol
1127 759 1188 784 etc.
1225 753 1297 784 loco
1323 753 1436 784 obiecti
1470 753 1642 784 verborum
1667 751 1742 800 &5195
1768 750 1789 783 *5
1816 761 1901 786 sunt.
1953 756 2016 786 Pro

220 828 306 849 voce
332 831 400 861 ‘⁶2⁴
426 819 457 849 in
483 819 642 849 Mersukii
666 819 779 850 codice
807 829 895 865 25⁸2?-
921 818 1050 859 legitur.

219 918 252 946 2.
275 917 316 946 In
339 917 490 946 lateribus
513 918 634 946 duobus
656 917 749 945 vallis
772 916 908 947 Sabbali
928 917 1059 954 eiusque
1080 914 1168 952 locis,
1193 913 1247 942 ubi
1276 922 1359 951 aqua
1378 914 1462 953 fluit,
1485 914 1586 942 virum
1609 913 1738 953 reliqui,
1769 915 1862 944 cuius
1881 917 2017 952 sanquis

590 973 710 1010 effusus
727 973 818 1009 fluit,
843 972 887 1000 ibi
905 972 1158 1008 permanentem,
1185 970 1221 997 ul
1242 976 1405 1005 nunqnam
1428 967 1501 996 inde
1521 967 1663 1005 prodeat.

318 1039 402 1070 Rem
428 1040 459 1070 in
485 1040 539 1070 illa
567 1041 653 1070 valle
680 1046 842 1080 peractam
871 1039 1048 1079 describit,
1088 1039 1119 1068 in
1146 1047 1208 1077 qua
1236 1046 1336 1067 causa
1363 1040 1434 1074 est,
1471 1045 1526 1066 cur
1563 1037 1593 1066 ei
1620 1037 1689 1066 dies
1716 1037 1827 1068 mortis
1853 1037 1935 1070 levis
1961 1040 2016 1069 sit.

219 1101 330 1133 Verba
356 1108 410 1136 ,Λὸ
435 1101 512 1154 0³70
537 1103 653 1143 triplici
684 1103 776 1133 modo
804 1103 955 1143 explicari
983 1107 1131 1142 possunt.
1184 1101 1324 1131 Primum
1363 1101 1488 1140 locum,
1528 1110 1589 1139 quo
1622 1100 1757 1141 sanguis
1796 1099 1922 1130 effusus
1959 1100 2018 1131 fuit

219 1163 393 1205 designare
418 1170 575 1204 possunt,
613 1170 679 1195 tum
718 1166 906 1206 sanguinem
943 1164 1081 1195 effusum
1116 1168 1148 1193 et
1186 1163 1323 1202 denique
1350 1164 1469 1200 virum,
1507 1165 1599 1192 cuius
1633 1162 1769 1203 sanguis
1799 1161 1923 1192 effusus
1948 1162 2017 1193 fuit·

221 1226 316 1266 Quod
341 1228 370 1258 si
397 1228 532 1268 primum
558 1228 683 1259 modum
710 1229 845 1270 recipis,
869 1229 970 1258 verba
997 1240 1074 1280 35⁴5?-
1099 1222 1119 1255 ὅ
1147 1231 1207 1256 etc.
1234 1226 1422 1266 sanguinem
1450 1224 1644 1254 describunt.
1697 1224 1794 1266 Sunt,
1821 1224 1872 1264 qui
1897 1224 2016 1264 dicant,

219 1291 322 1321 verba
347 1304 427 1344 21³³
453 1288 472 1320 ὅ
500 1297 561 1324 etc.
597 1301 727 1322 sensum
761 1292 898 1322 habere:
941 1291 1052 1321 »cuins
1089 1289 1346 1320 commemoratio
1383 1297 1511 1327 semper
1546 1288 1720 1328 manebit,«
1760 1292 1795 1317 ut
1821 1288 2018 1319 antecedens

213 1352 278 1397 553
305 1359 380 1384 ante
405 1354 506 1384 verba
534 1359 590 1386 seo
619 1352 699 1398 &³5⁸
727 1355 878 1384 omissum
909 1354 961 1384 sit.
1014 1352 1090 1382 Vox
1115 1348 1180 1401 {bl-³⁰
1207 1350 1338 1390 pluralis
1367 1360 1385 1380 a
1413 1349 1568 1390 singulari
1594 1347 1663 1377 aab·
1681 1349 1847 1379 derivatus
1868 1353 1929 1391 est,
1956 1358 2017 1389 quo

221 1419 307 1445 terra
334 1416 419 1446 elata
447 1416 668 1457 significatur,
705 1417 735 1446 in
769 1425 828 1456 qua
863 1426 947 1456 aqua
980 1415 1020 1446 ad
1048 1415 1144 1445 vallis
1172 1413 1354 1444 inferiorem
1385 1417 1505 1452 partein
1533 1412 1613 1442 fluit.
1665 1412 1858 1452 Metaphora
1886 1412 2017 1452 pulchra

221 1482 348 1508 utentes
375 1479 405 1508 in
431 1479 600 1517 proverbio
622 1479 729 1509 dicunt
753 1480 805 1510 »in
822 1479 985 1510 cuiusdam
1004 1483 1159 1515 torrente,
1188 1478 1240 1517 qui
1258 1488 1275 1507 e
1293 1482 1377 1509 terra
1396 1477 1460 1507 alta
1479 1476 1603 1514 defluit,
1624 1475 1771 1506 fiduciam
1790 1485 1852 1505 non
1871 1481 2013 1515 ponunt«

221 1538 345 1579 (conf.
374 1540 472 1569 Meid.
501 1540 537 1569 T.
566 1541 619 1571 111.
648 1542 727 1572 Pars
756 1543 840 1583 prior
868 1552 899 1582 p.
928 1540 1030 1580 531.)
1063 1541 1080 1570 i.
1110 1551 1138 1569 e.
1166 1540 1277 1579 nuntii,
1306 1549 1386 1580 quos
1413 1539 1529 1579 adfert,
1556 1539 1626 1568 veri
1655 1548 1717 1568 non
1744 1544 1906 1578 putantur.

221 1637 253 1666 3.
280 1636 535 1675 Quotiescunque
557 1639 739 1667 mule'vrums
762 1641 867 1676 yemis
891 1639 1009 1667 Harets
1037 1639 1199 1669 occurris,
1231 1640 1270 1665 iis
1298 1640 1425 1665 morlem
1454 1646 1554 1665 meam
1585 1638 1698 1665 nunlia
1727 1638 1827 1674 iisque
1856 1636 1921 1672 dic,
1954 1645 2017 1664 non

739 1693 875 1730 amplius
898 1695 1041 1721 mutuum
1063 1701 1231 1720 occursum
1251 1693 1400 1730 futurum
1422 1700 1501 1720 esse-

327 1759 432 1798 Quum
459 1770 497 1791 se
527 1761 668 1792 occisum
695 1762 731 1792 iri
759 1768 848 1792 certo
876 1762 971 1803 sciat,
1001 1760 1158 1801 quendam
1188 1766 1296 1802 rogat,
1328 1766 1360 1791 ut
1386 1760 1425 1790 ad
1448 1760 1594 1790 mulieres
1633 1761 1740 1801 gentis
1767 1759 1880 1790 Harits
1907 1760 2016 1790 mortis

223 1832 303 1852 suae
329 1823 471 1853 nuntium
498 1823 647 1863 perferat.
701 1825 872 1854 Mulierum
900 1828 1005 1855 autem
1033 1824 1094 1854 hoo
1120 1825 1189 1854 loco
1218 1826 1409 1853 mentionem
1438 1823 1557 1853 fecisse
1575 1823 1715 1864 videtui-7
1744 1822 1828 1862 quod
1847 1832 1904 1852 eae
1924 1823 2018 1862 plan-

222 1890 351 1926 guntur.
404 1886 509 1916 Huius
537 1891 644 1916 autem
673 1896 791 1917 versus
819 1888 918 1917 verba
946 1898 1017 1919 cum
1045 1887 1304 1917 antecedentibus
1332 1896 1393 1915 non
1413 1886 1518 1915 intime
1538 1885 1713 1915 cohaerere
1728 1894 1819 1914 nemo
1837 1894 1899 1914 non
1916 1884 2016 1914 videt.

223 1946 286 1976 Hic
312 1947 410 1988 igitur
437 1957 556 1977 versus
583 1958 652 1978 cum
682 1954 839 1988 sequente
870 1951 1109 1989 poetaeMalic
1138 1951 1167 1980 b.
1195 1950 1305 1980 Alraib
1318 1946 1341 1991 ¹)
1371 1949 1529 1987 tribuitur,
1557 1953 1591 1978 ut
1612 1958 1683 1978 cum
1703 1948 1854 1977 versibus
1872 1946 2016 1986 Djahfari

222 2009 262 2037 ob
289 2018 427 2038 errorem
458 2010 644 2040 coniunctus
673 2012 725 2041 sit.
780 2012 972 2042 Particulam
1000 2022 1056 2052 pro
1086 2011 1126 2041 aii
1156 2023 1233 2044 esse
1260 2014 1379 2054 dicunt,
1408 2017 1443 2042 ut
1461 2011 1613 2042 suffixum
1636 2020 1810 2051 pronomen
1827 2012 1872 2040 rei
1889 2009 2016 2048 (Graiu.

224 2072 281 2101 Ar.
296 2072 333 2100 T.
346 2072 386 2113 Π,
413 2081 444 2112 p.
461 2072 562 2112 371.)
590 2074 643 2103 sit.
696 2075 780 2104 Voci
809 2073 897 2111 &4333
925 2084 1031 2105 casum
1058 2077 1275 2105 accusativum
1303 2085 1379 2106 esse
1407 2075 1445 2105 ob
1473 2075 1676 2115 negationem
1704 2071 1728 2102 ὃ
1755 2074 1813 2112 (ib.
1834 2083 1863 2112 p.
1886 2072 1932 2103 63
1950 2072 2017 2111 sq.)

223 2135 410 2174 praedicato
439 2135 503 2174 (sc.
534 2134 633 2181 0315)
657 2138 788 2167 omisso.
841 2138 975 2169 l‘hrasin
1001 2143 1108 2169 autem
1139 2136 1228 2176 Lem·
1253 2137 1277 2169 ὃ
1306 2139 1484 2180 praedicati
1511 2138 1687 2178 particulae
1705 2136 1745 2182 Oi
1766 2137 1869 2168 locum
1897 2141 2018 2166 tenere.

224 2251 256 2279 4.
279 2250 326 2279 Et
348 2250 498 2279 camelam
521 2261 620 2280 meam
644 2254 726 2280 inter
748 2263 803 2282 eas
824 2256 954 2292 saepius
977 2255 1056 2290 duc,
1089 2264 1162 2284 nam
1193 2265 1229 2283 ea
1258 2255 1379 2284 Iaelt'lt'd
1407 2255 1526 2293 adfecli
1554 2256 1654 2282 risum
1686 2253 1834 2289 mooebit;
1860 2251 2019 2290 plorantis

910 2312 1014 2337 aulem
1035 2309 1195 2346 ploratum
1217 2308 1345 2345 auyebit

323 2373 425 2404 Poeta
451 2384 493 2404 ex
519 2385 570 2413 eo,
600 2375 653 2415 qui
680 2376 789 2406 mortis
817 2377 959 2406 nuntium
989 2377 1130 2419 pei-fert,
1157 2378 1257 2418 petit>
1285 2381 1319 2406 ut
1344 2376 1445 2416 ipsius
1472 2376 1573 2407 occisi
1597 2376 1751 2407 camelam
1780 2376 1862 2406 inter
1889 2378 2018 2414 gentem

244 2458 271 2487 l)
290 2459 373 2482 Poeta
390 2458 431 2483 nic
449 2459 521 2482 latro
541 2460 566 2483 in
586 2460 692 2483 deserto
712 2460 799 2491 gentis
818 2461 917 2484 Tarnim
937 2461 1046 2485 ditionis
1068 2463 1168 2486 Bazrae
1187 2460 1263 2485 initio
1282 2459 1425 2490 dynastiae
1436 2456 1637 2489 Omajjadarum
1655 2457 1786 2482 adolevit.
1821 2455 1907 2488 Quum
1924 2456 2022 2479 Moah-

292 2502 407 2534 wijahus
425 2505 550 2528 Saihdum
579 2506 604 2528 b.
631 2506 760 2529 Ohtsman
789 2507 812 2529 b.
840 2507 935 2529 Ahffan
956 2507 1128 2531 Chorasauae
1157 2507 1345 2537 praefecisset,
1372 2506 1396 2530 In
1421 2505 1467 2530 via
1493 2505 1600 2528 persiae
1630 2506 1764 2528 trans³ens
1788 2506 1892 2533 poetam
1919 2500 2021 2524 invenie

294 2549 362 2572 facie
380 2551 602 2581 pulcherrimum,
630 2553 815 2582 pulcherrimis
841 2554 961 2577 vestibus
985 2553 1114 2577 inclutum.
1158 2553 1240 2576 Poeta
1259 2552 1384 2576 Saihdum
1411 2552 1435 2576 iu
1456 2551 1641 2575 chorasanam
1659 2552 1802 2573 secuturus
1821 2548 1847 2572 in
1867 2548 1912 2572 vin
1929 2547 2024 2571 morbo

294 2594 451 2624 exspiravit.
488 2596 549 2620 Git.
568 2597 734 2627 Alaghan.
