2247 2865
990 102 1258 133 -404—

230 206 479 248 perveniamus«
508 210 541 236 et
566 205 669 242 wei
695 203 834 245 legitur,
875 211 947 232 cum
975 211 1076 232 versu
1107 202 1247 233 secundo
1273 202 1434 232 cohaeret.
1488 201 1615 231 Sensus
1642 210 1762 231 versus
1789 200 1839 231 hic
1866 210 1942 231 esse
1969 201 2022 232 vi-

232 269 339 301 detur:
378 269 505 308 Pauper
531 268 681 299 molestiis
708 275 843 306 pressus
871 264 1021 303 periculis
1049 274 1084 296 se
1113 266 1263 305 exponit,
1288 271 1323 296 ut
1349 264 1468 294 divitiis
1496 266 1660 304 potiatur,
1696 264 1808 302 quibus
1837 264 2023 302 tranquillus

231 333 293 374 ipsi
316 333 372 364 fiat
399 335 531 366 animus,
583 333 655 362 Hoc
686 331 806 361 faciens
835 329 973 359 officium
1001 338 1092 359 suum
1118 327 1244 366 implet,
1272 331 1328 367 ut,
1352 328 1380 356 si
1407 325 1566 356 desiderio
1594 325 1776 356 divitiarum
1803 325 2020 365 potiundarum

231 405 294 426 nou
320 395 471 436 satisfiat,
500 395 568 426 dum
596 393 741 434 periculis
769 391 957 422 succumbat
984 395 1015 421 et
1041 394 1163 430 pereat,
1192 389 1404 419 excusatione
1431 388 1547 429 dignus
1575 387 1605 416 in
1632 392 1734 417 morte
1761 388 1900 427 quietem
1929 387 2024 416 inve-

231 458 307 488 niat.
358 458 393 488 In
419 467 457 487 eo
485 457 602 498 igitur,
630 455 714 495 quod
741 454 876 494 quietem
903 454 1024 483 invenit
1061 457 1116 483 aut
1143 452 1236 483 laude
1262 451 1377 492 dignus
1407 455 1478 490 est,
1517 454 1649 490 uterque
1676 450 1785 481 similis
1813 454 1875 481 est.
1930 449 2020 479 Loco

231 521 323 551 vocis
349 523 437 567 KQ)
465 520 535 558 (res
563 518 764 557 desiderata)
793 519 888 553 '³²⁴5ssss
915 516 1070 555 (praeda)
1099 515 1226 556 legitur.

329 586 597 626 Abu-Rijaschus
626 585 666 615 ad
692 595 757 625 res,
786 594 865 624 quae
893 584 1041 613 versibus
1066 592 1165 613 ansae
1185 582 1310 622 fuerint,
1339 581 1545 620 explicandas
1564 581 1734 621 sequentia
1767 579 1899 611 adtulit:
1928 578 2020 609 Gen-

231 649 273 680 tis
300 649 418 680 Maahd
452 650 596 689 pluribus
630 648 720 679 annis
754 647 916 677 sterilibus
950 646 1086 676 invicem
1108 644 1321 684 'sequentihus
1357 644 1506 683 adflictae
1542 643 1659 673 familia
1687 642 1872 674 Ghathasah
1909 640 2022 672 condi-

229 714 314 744 tione
341 715 471 744 meliore
497 712 668 755 gaudebat.
695 712 761 741 Isto
790 715 930 749 tempore
957 713 1053 748 poeta
1068 707 1209 738 Ohrwah
1226 708 1255 737 b.
1276 706 1420 746 Alward,
1448 706 1694 746 cognominatus
1722 702 2019 743 Abu-Nadjdah

231 781 265 807 et
292 776 484 807 Ohrwah
520 785 774 816 pauperum>
815 775 868 812 qui
896 773 1014 802 absens
1043 771 1166 809 suerat,
1202 771 1271 800 sine
1308 770 1425 810 praeda
1453 770 1577 799 rediens
1612 769 1743 799 camelis
1772 769 1928 809 equisque
1953 767 2022 796 suis

232 839 318 870 fame
346 839 475 879 perditis
503 843 633 880 gentem
660 838 805 878 proxima
829 838 1021 876 cognatione
1049 844 1120 864 cum
1151 834 1220 872 ipso
1248 833 1446 862 coniunctam
1474 832 1597 861 invenit
1623 833 1654 861 in
1681 830 1771 860 caula
1798 840 1838 860 ex
1854 829 2018 860 arboribus

236 902 383 933 confecta
409 906 619 942 versantem,
654 901 743 930 victu
768 899 850 928 omni
878 898 1070 928 destitutam.
1122 894 1317 925 Advenienti
1345 893 1509 923 dicebant:
1546 892 1638 930 Quod
1669 892 1729 922 hoc
1765 893 1796 921 in
1831 891 1899 920 loco
1935 890 2017 920 fame

228 963 388 1001 morimur,
414 962 525 992 melius
553 966 621 1000 est,
648 970 741 1001 quam
769 959 852 999 quod
880 959 944 998 lupi
970 968 1028 987 nos
1055 961 1180 987 vorant.
1234 956 1418 987 Ohrwahus
1447 960 1555 985 autem
1584 959 1707 984 remota
1736 953 1829 983 caula
1857 953 1893 983 iis
1914 952 2020 982 dixit:

228 1025 359 1055 Prodite
385 1029 416 1055 et
443 1025 523 1054 hanc
549 1024 702 1054 camelam
730 1033 832 1053 meam
862 1023 1029 1052 iuvencam
1057 1021 1239 1060 dissecate7
1277 1018 1368 1049 alteri
1405 1028 1484 1048 vero
1516 1027 1604 1048 arma
1633 1021 1743 1047 vestra
1776 1016 1946 1056 imponite,
1983 1019 2018 1045 ut

229 1086 322 1116 vobis
356 1086 387 1116 id
415 1079 597 1126 acquiram,
634 1094 695 1125 quo
731 1085 831 1115 vitam
865 1084 1051 1114 sustineatis
1079 1088 1133 1112 aut
1167 1083 1292 1112 moriar.
1345 1082 1394 1111 Ab
1423 1081 1538 1121 oppido
1566 1081 1695 1110 Medina
1721 1090 1839 1110 versus
1868 1079 2018 1109 Arabiam

228 1149 354 1179 felicem
380 1149 440 1179 iter
466 1149 608 1190 dirigens
634 1149 664 1177 in
691 1153 807 1178 terram
835 1147 942 1188 gentis
969 1146 1126 1176 Kodhaah
1153 1145 1287 1174 tetendit
1314 1149 1346 1174 et
1373 1154 1468 1184 quum
1497 1148 1626 1184 gentem
1652 1143 1784 1173 Balkain
1811 1146 1948 1182 peteret,
1981 1140 2020 1170 ad

228 1211 379 1241 Malicum
406 1212 435 1241 b.
459 1211 570 1240 Himar
597 1215 660 1240 etc.
686 1211 811 1241 transiit
840 1210 922 1239 omni
950 1213 1129 1239 commeatu
1156 1211 1332 1237 consumto.
1385 1208 1446 1236 Hic
1474 1209 1503 1236 ei
1531 1206 1626 1236 dixit:
1658 1207 1730 1236 Vae
1759 1203 1830 1235 tibi!
1858 1214 1917 1244 quo
1945 1208 2020 1234 ten-

228 1272 277 1303 dis
306 1282 375 1303 cum
402 1274 494 1303 hisce
520 1273 599 1302 viris
629 1273 704 1313 tuis,
732 1282 812 1311 quos
839 1273 908 1301 sine
936 1272 1029 1301 dubio
1057 1269 1184 1309 perdeS.
1236 1270 1316 1298 Tum
1345 1270 1443 1298 alter:
1470 1270 1502 1298 In
1530 1277 1591 1308 ee,
1620 1267 1702 1306 quod
1727 1267 1797 1296 mihi
1827 1267 1938 1304 iubes,
1967 1266 2016 1295 in-

227 1335 342 1365 teritus
370 1340 431 1366 est.
483 1335 561 1365 Sine
588 1345 636 1365 me
662 1335 779 1365 victum
807 1344 955 1373 quaeram
983 1338 1015 1363 et
1043 1332 1115 1361 mihi
1143 1336 1176 1361 et
1203 1330 1337 1360 familiae
1366 1340 1472 1371 meae,
1502 1340 1570 1359 nam
1598 1339 1683 1358 mors
1712 1328 1822 1358 melior
1848 1332 1899 1358 est
1925 1337 2018 1367 quam

227 1392 365 1429 macies!
417 1398 554 1427 Malicus
582 1400 684 1427 autem
713 1407 809 1437 quum
838 1406 894 1436 per
923 1401 1046 1426 montes
1074 1395 1154 1424 duos
1183 1395 1349 1424 Harsan
1382 1394 1562 1433 appellatos
1598 1393 1628 1421 in
1656 1397 1741 1421 terra
1773 1393 1878 1431 gentis
1910 1391 2018 1420 Fesa-

229 1458 286 1488 rah
315 1459 447 1489 sitorum
474 1458 627 1488 redeundi
654 1458 819 1487 consilium
847 1458 874 1487 ci
902 1457 1013 1495 daret,
1048 1457 1128 1486 alter
1161 1456 1258 1486 dixit:
1297 1455 1452 1493 Quidnam
1490 1455 1537 1484 eis
1572 1454 1705 1493 faciam,
1742 1453 1854 1492 quibus
1888 1451 1927 1482 ad
1963 1460 2014 1481 me

231 1519 305 1550 doni
333 1529 433 1550 causa
469 1521 674 1550 venientibus
712 1520 787 1550 dare
821 1516 993 1549 solebam?
1044 1519 1161 1548 Malico
1196 1522 1302 1548 autem
1339 1518 1471 1548 dicenti:
1518 1518 1584 1548 »Te
1623 1521 1810 1546 excusatum
1847 1515 2018 1555 habebunt,

231 1592 325 1622 quum
354 1583 396 1612 nil
422 1583 628 1623 possideas«,
656 1583 841 1623 respondit:
870 1583 926 1612 Me
953 1582 1177 1620 autemipsum
1197 1590 1336 1621 egenen
1352 1581 1527 1618 excusabo,
1553 1580 1636 1619 quod
1666 1589 1728 1608 non
1756 1577 1889 1617 amplius
1918 1586 2019 1616 quae-

227 1655 302 1676 ram.
354 1647 421 1675 Isto
447 1651 554 1675 autem
582 1650 726 1685 tempore
753 1655 871 1674 versus
900 1645 982 1684 illos,
1010 1644 1071 1674 imo
1100 1644 1208 1683 plures
1236 1644 1377 1682 protulit.
1422 1643 1560 1672 Malicus
1588 1643 1684 1683 igitur
1711 1641 1864 1671 camelum
1885 1638 1914 1668 ei
1933 1638 2015 1667 dono

226 1708 320 1738 dedit.
373 1708 474 1738 Cuius
502 1717 598 1737 carne
623 1708 704 1738 inter
729 1708 833 1737 socios
861 1707 1030 1737 distributa
1058 1712 1173 1736 terram
1202 1706 1309 1747 gentis
1337 1705 1568 1735 Banu-l'Kain
1594 1706 1709 1744 petiit,
1737 1704 1786 1743 qui
1812 1707 1928 1733 terram
1955 1701 2015 1731 de-

226 1771 305 1800 serti
333 1768 443 1809 (malli)
472 1771 658 1800 incolebant.
712 1771 825 1800 Incidit
851 1771 891 1800 ibi
918 1771 947 1799 in
976 1775 1088 1800 terram
1116 1770 1202 1799 rimis
1232 1770 1381 1808 plenam,
1409 1769 1438 1797 in
1466 1769 1577 1807 quibus
1606 1777 1687 1806 aqua
1714 1772 1784 1797 erat
1809 1771 1842 1796 et
1870 1766 2014 1805 vestigla

229 1833 406 1872 conspexit.
462 1832 553 1870 Quae
581 1842 675 1872 quum
705 1832 744 1862 ad
774 1842 885 1872 aquam
913 1833 1108 1862 venientium
1136 1833 1278 1873 vestigia
1305 1831 1364 1870 ipsi
1391 1831 1595 1872 viderentur,
1622 1840 1698 1861 suos
1725 1829 1856 1859 insidias
1884 1838 2016 1867 compa-

226 1905 297 1925 rare
324 1896 427 1933 iussit,
455 1904 493 1925 se
520 1896 599 1925 enim
628 1904 758 1934 sperare
787 1895 877 1935 sore,
905 1899 939 1926 ut
966 1897 996 1924 in
1025 1899 1109 1924 terra
1136 1895 1243 1935 gentis
1271 1894 1486 1923 Banu-l'liain
1512 1894 1693 1924 alimentum
1720 1894 1893 1923 inveniant.
1946 1892 2013 1921 Fu-

227 1959 297 2003 [p.
329 1959 461 2004 2⁸39.)
517 1963 618 1988 turum
652 1968 748 1997 esse,
787 1961 820 1988 ut
857 1957 1000 1986 homines
1036 1958 1169 1996 penuria
1204 1958 1388 1987 laborantes
1422 1957 1492 1986 illas
1527 1957 1657 1986 arbores
1694 1956 1880 1995 depascant.
1932 1954 2013 1983 Post

226 2019 286 2048 diei
312 2021 449 2058 spatium
478 2020 633 2050 camelum
660 2020 842 2060 iuvencum,
868 2019 907 2049 ad
936 2029 1046 2058 aquam
1072 2020 1266 2060 venientem,
1295 2029 1410 2058 capere
1439 2020 1602 2060 volebant,
1630 2025 1664 2050 ut
1691 2018 1770 2058 ipsis
1797 2018 1916 2056 aliquot
1945 2016 2013 2046 dies

233 2083 302 2113 cibo
331 2087 430 2112 esset.
465 2083 531 2112 Sed
558 2082 619 2121 ille,
646 2093 685 2112 ne
708 2082 866 2112 dominum
896 2081 935 2111 ad
963 2082 1031 2111 illas
1059 2081 1189 2111 arbores
1219 2082 1441 2121 depascendas
1469 2082 1609 2112 camelos
1628 2081 1833 2111 adducturum
1853 2079 1905 2109 illo
1922 2083 2015 2117 capto

226 2144 257 2176 in
287 2147 394 2186 sugam
422 2150 577 2186 agerent,
613 2155 676 2175 rem
702 2145 817 2175 vetuit.
870 2144 1104 2173 Abstinuerunt
1139 2143 1257 2184 igitur3
1294 2143 1352 2172 sed
1383 2152 1455 2172 mox
1484 2142 1679 2182 poenitentia
1706 2141 1791 2172 ducti
1818 2139 2012 2170 Ohrwabum

223 2209 460 2249 vituperabant.
515 2208 592 2237 Post
618 2207 752 2246 spatium
779 2206 915 2246 quinque
942 2205 1062 2234 dierum
1090 2215 1185 2245 quum
1213 2209 1341 2234 centum
1369 2205 1481 2234 cameli
1508 2214 1577 2234 cum
1604 2204 1697 2244 pullis
1735 2203 1774 2233 ad
1811 2212 1924 2242 aquam
1955 2211 2011 2231 ac-

223 2271 384 2311 cederent,
411 2272 611 2300 comitantem
639 2269 789 2308 equitem,
816 2269 866 2307 qui
892 2277 1024 2298 uxorem
1051 2277 1142 2296 suam
1169 2276 1280 2296 secum
1298 2266 1443 2304 habebat,
1470 2266 1592 2306 sagitta
1611 2264 1782 2306 transfixit,
1811 2269 1844 2295 ut
1862 2264 2011 2294 inferiore

222 2334 425 2373 scapularum
454 2333 521 2361 loco
549 2332 670 2361 intrans
697 2341 754 2370 per
780 2339 945 2360 mammam
974 2329 1099 2358 virilem
1126 2328 1277 2367 prodiret.
1331 2328 1482 2358 Camelos
1508 2333 1612 2359 autem
1639 2337 1708 2358 cum
1738 2336 1838 2357 uxore
1865 2326 1904 2357 ad
1926 2335 2009 2366 gen-

222 2398 285 2424 tem
313 2403 404 2423 suam
431 2392 572 2431 abduxit,
600 2396 635 2422 ut
662 2396 920 2422 conservaretur.
949 2391 1041 2421 Hanc
1061 2394 1167 2419 autem
1194 2398 1261 2418 rem
1288 2389 1437 2419 versibus
1463 2389 1671 2428 sequentibus
1699 2389 1872 2419 celebravit
1900 2387 2007 2425 (metr.

220 2457 383 2495 'l'hawil):
419 2457 566 2486 Nonne
601 2459 765 2494 tempus
803 2453 1022 2492 adveniet,
1064 2461 1136 2491 quo
1165 2451 1312 2481 baculo
1346 2451 1472 2482 nixus
1500 2461 1619 2491 repo,
1659 2456 1702 2482 ut
1743 2452 1894 2481 hostes
1931 2450 2009 2479 mei

221 2519 351 2549 securi
379 2519 469 2547 sint
496 2523 536 2547 et
563 2526 669 2558 gens
703 2525 786 2546 mea
821 2515 1047 2545 fastidium
1086 2514 1164 2544 mei
1199 2514 1364 2553 capiat,
1407 2514 1499 2544 dnm
1541 2514 1692 2555 pignus
1730 2499 1835 2543 imae
1872 2512 2008 2551 partis

220 2582 361 2613 domus
398 2590 486 2611 sum
524 2585 560 2610 et
596 2580 750 2620 quavis
792 2578 979 2618 vespera
1018 2586 1164 2606 mecum
1202 2578 1325 2616 pueri
1367 2576 1521 2607 ludunt
1561 2574 1788 2606 incedente
1824 2573 2006 2605 tremulo
