<?xml version="1.0" encoding="UTF-8"?>
<!DOCTYPE html PUBLIC "-//W3C//DTD XHTML 1.0 Transitional//EN"
    "http://www.w3.org/TR/xhtml1/DTD/xhtml1-transitional.dtd">
<html xmlns="http://www.w3.org/1999/xhtml" xml:lang="en" lang="en">
 <head>
  <title>
</title>
<meta http-equiv="Content-Type" content="text/html;charset=utf-8" />
  <meta name='ocr-system' content='tesseract 3.04.00' />
  <meta name='ocr-capabilities' content='ocr_page ocr_carea ocr_par ocr_line ocrx_word'/>
</head>
<body>
  <div class='ocr_page' id='page_1' title='image "./p1hamassaecarmin02abbiuoft_0320.png"; bbox 0 0 2247 2865; ppageno 0'>
   <div class='ocr_carea' id='block_1_1' title="bbox 1021 81 1290 111">
    <p class='ocr_par' dir='ltr' id='par_1_1' title="bbox 1021 81 1290 111">
     <span class='ocr_line' id='line_1_1' title="bbox 1021 81 1290 111; baseline 0 0"><span class='ocrx_word' id='word_1_1' title='bbox 1021 81 1290 111; x_wconf 66' lang='lat'>—284-</span> 
     </span>
    </p>
   </div>
   <div class='ocr_carea' id='block_1_2' title="bbox 255 180 2054 413">
    <p class='ocr_par' dir='ltr' id='par_1_2' title="bbox 255 180 2054 413">
     <span class='ocr_line' id='line_1_2' title="bbox 258 180 2054 226; baseline -0.002 -11"><span class='ocrx_word' id='word_1_2' title='bbox 258 186 427 226; x_wconf 82' lang='lat' dir='ltr'>quominus</span> <span class='ocrx_word' id='word_1_3' title='bbox 454 190 560 216; x_wconf 85' lang='lat' dir='ltr'>autern</span> <span class='ocrx_word' id='word_1_4' title='bbox 587 184 618 215; x_wconf 84' lang='lat' dir='ltr'>id</span> <span class='ocrx_word' id='word_1_5' title='bbox 645 183 781 222; x_wconf 81' lang='lat' dir='ltr'>faceret,</span> <span class='ocrx_word' id='word_1_6' title='bbox 820 193 857 212; x_wconf 77' lang='lat' dir='ltr'>se</span> <span class='ocrx_word' id='word_1_7' title='bbox 885 181 1071 220; x_wconf 87' lang='lat' dir='ltr'>impeditum</span> <span class='ocrx_word' id='word_1_8' title='bbox 1097 180 1200 211; x_wconf 84' lang='lat' dir='ltr'>fuisse</span> <span class='ocrx_word' id='word_1_9' title='bbox 1227 190 1288 220; x_wconf 82' lang='lat' dir='ltr'>eo,</span> <span class='ocrx_word' id='word_1_10' title='bbox 1327 180 1410 221; x_wconf 89' lang='lat' dir='ltr'>quod</span> <span class='ocrx_word' id='word_1_11' title='bbox 1435 190 1565 211; x_wconf 86' lang='lat' dir='ltr'>carcere</span> <span class='ocrx_word' id='word_1_12' title='bbox 1599 183 1631 211; x_wconf 89' lang='lat' dir='ltr'>in</span> <span class='ocrx_word' id='word_1_13' title='bbox 1666 183 1740 220; x_wconf 84' lang='lat' dir='ltr'>ipsa</span> <span class='ocrx_word' id='word_1_14' title='bbox 1775 181 1933 213; x_wconf 75' lang='lat' dir='ltr'>Merwani</span> <span class='ocrx_word' id='word_1_15' title='bbox 1964 181 2054 212; x_wconf 87' lang='lat' dir='ltr'>domo</span> 
     </span>
     <span class='ocr_line' id='line_1_3' title="bbox 257 241 2051 288; baseline -0.004 -10"><span class='ocrx_word' id='word_1_16' title='bbox 257 249 471 286; x_wconf 81' lang='lat' dir='ltr'>retineretur3</span> <span class='ocrx_word' id='word_1_17' title='bbox 501 247 657 288; x_wconf 78' lang='lat' dir='ltr'>siquidem</span> <span class='ocrx_word' id='word_1_18' title='bbox 685 249 716 276; x_wconf 93' lang='lat' dir='ltr'>in</span> <span class='ocrx_word' id='word_1_19' title='bbox 744 247 814 276; x_wconf 88' lang='lat' dir='ltr'>eius</span> <span class='ocrx_word' id='word_1_20' title='bbox 840 248 1002 284; x_wconf 74' lang='lat' dir='ltr'><strong>potestate</strong></span> <span class='ocrx_word' id='word_1_21' title='bbox 1027 253 1132 283; x_wconf 86' lang='lat' dir='ltr'>poena</span> <span class='ocrx_word' id='word_1_22' title='bbox 1157 243 1219 282; x_wconf 88' lang='lat' dir='ltr'>ipsi</span> <span class='ocrx_word' id='word_1_23' title='bbox 1247 243 1383 273; x_wconf 86' lang='lat' dir='ltr'>timenda</span> <span class='ocrx_word' id='word_1_24' title='bbox 1402 242 1506 273; x_wconf 65' lang='lat' dir='ltr'>suerit.</span> <span class='ocrx_word' id='word_1_25' title='bbox 1539 243 1687 272; x_wconf 80' lang='lat' dir='ltr'>Excusat</span> <span class='ocrx_word' id='word_1_26' title='bbox 1712 251 1750 271; x_wconf 85' lang='lat' dir='ltr'>se</span> <span class='ocrx_word' id='word_1_27' title='bbox 1777 242 1887 283; x_wconf 78' lang='lat' dir='ltr'>igitur,</span> <span class='ocrx_word' id='word_1_28' title='bbox 1913 241 1996 281; x_wconf 81' lang='lat' dir='ltr'>quod</span> <span class='ocrx_word' id='word_1_29' title='bbox 2022 243 2051 272; x_wconf 90' lang='lat' dir='ltr'>in</span> 
     </span>
     <span class='ocr_line' id='line_1_4' title="bbox 257 300 2052 350; baseline -0.003 -12"><span class='ocrx_word' id='word_1_30' title='bbox 257 309 311 338; x_wconf 86' lang='lat' dir='ltr'>illo</span> <span class='ocrx_word' id='word_1_31' title='bbox 325 308 438 339; x_wconf 83' lang='lat' dir='ltr'>iudicio</span> <span class='ocrx_word' id='word_1_32' title='bbox 455 319 492 339; x_wconf 89' lang='lat' dir='ltr'>se</span> <span class='ocrx_word' id='word_1_33' title='bbox 508 319 570 338; x_wconf 90' lang='lat' dir='ltr'>non</span> <span class='ocrx_word' id='word_1_34' title='bbox 586 308 790 348; x_wconf 68' lang='lat' dir='ltr'>opposuerit3</span> <span class='ocrx_word' id='word_1_35' title='bbox 814 306 872 336; x_wconf 87' lang='lat' dir='ltr'>sed</span> <span class='ocrx_word' id='word_1_36' title='bbox 884 306 986 335; x_wconf 90' lang='lat' dir='ltr'>lenem</span> <span class='ocrx_word' id='word_1_37' title='bbox 1003 305 1139 335; x_wconf 88' lang='lat' dir='ltr'>animum</span> <span class='ocrx_word' id='word_1_38' title='bbox 1156 306 1344 336; x_wconf 87' lang='lat' dir='ltr'>ostenderit.</span> <span class='ocrx_word' id='word_1_39' title='bbox 1372 306 1447 336; x_wconf 79' lang='lat' dir='ltr'>Vox</span> <span class='ocrx_word' id='word_1_40' title='bbox 1461 303 1564 334; x_wconf 55' lang='lat' dir='ltr'>:hasii</span> <span class='ocrx_word' id='word_1_41' title='bbox 1579 305 1717 345; x_wconf 88' lang='lat' dir='ltr'>appositi</span> <span class='ocrx_word' id='word_1_42' title='bbox 1734 305 1840 335; x_wconf 84' lang='lat' dir='ltr'>locum</span> <span class='ocrx_word' id='word_1_43' title='bbox 1858 305 1950 334; x_wconf 88' lang='lat' dir='ltr'>vocis</span> <span class='ocrx_word' id='word_1_44' title='bbox 1965 300 2052 350; x_wconf 54' lang='lat' dir='ltr'>Uesti</span> 
     </span>
     <span class='ocr_line' id='line_1_5' title="bbox 255 365 2051 413; baseline -0.002 -13"><span class='ocrx_word' id='word_1_45' title='bbox 255 377 353 402; x_wconf 87' lang='lat' dir='ltr'>tenet.</span> <span class='ocrx_word' id='word_1_46' title='bbox 384 372 509 402; x_wconf 76' lang='lat' dir='ltr'><strong>Littera</strong></span> <span class='ocrx_word' id='word_1_47' title='bbox 537 372 601 401; x_wconf 75' lang='lat' dir='ltr'>Alit</span> <span class='ocrx_word' id='word_1_48' title='bbox 629 372 658 400; x_wconf 93' lang='lat' dir='ltr'>in</span> <span class='ocrx_word' id='word_1_49' title='bbox 687 380 767 400; x_wconf 90' lang='lat' dir='ltr'>voce</span> <span class='ocrx_word' id='word_1_50' title='bbox 795 365 880 413; x_wconf 48' lang='grc' dir='ltr'>ἰῶ),</span> <span class='ocrx_word' id='word_1_51' title='bbox 909 367 1033 398; x_wconf 86' lang='lat' dir='ltr'>nonnisi</span> <span class='ocrx_word' id='word_1_52' title='bbox 1060 368 1100 397; x_wconf 90' lang='lat' dir='ltr'>ob</span> <span class='ocrx_word' id='word_1_53' title='bbox 1127 367 1398 398; x_wconf 74' lang='lat' dir='ltr'>homoioteleuton</span> <span class='ocrx_word' id='word_1_54' title='bbox 1425 368 1533 399; x_wconf 82' lang='lat' dir='ltr'>addita</span> <span class='ocrx_word' id='word_1_55' title='bbox 1561 373 1622 399; x_wconf 84' lang='lat' dir='ltr'>est.</span> <span class='ocrx_word' id='word_1_56' title='bbox 1666 368 1777 398; x_wconf 86' lang='lat' dir='ltr'>Verba</span> <span class='ocrx_word' id='word_1_57' title='bbox 1802 371 1932 398; x_wconf 77' lang='lat' dir='ltr'>autem:</span> <span class='ocrx_word' id='word_1_58' title='bbox 1972 367 2051 397; x_wconf 75' lang='lat' dir='ltr'>Eius</span> 
     </span>
    </p>
   </div>
   <div class='ocr_carea' id='block_1_3' title="bbox 256 431 2051 474">
    <p class='ocr_par' dir='ltr' id='par_1_3' title="bbox 256 431 2051 474">
     <span class='ocr_line' id='line_1_6' title="bbox 256 431 2051 474; baseline -0.002 -12"><span class='ocrx_word' id='word_1_59' title='bbox 256 439 369 472; x_wconf 85' lang='lat' dir='ltr'>portae</span> <span class='ocrx_word' id='word_1_60' title='bbox 383 440 457 474; x_wconf 64' lang='lat' dir='ltr'>post</span> <span class='ocrx_word' id='word_1_61' title='bbox 473 444 521 463; x_wconf 91' lang='lat' dir='ltr'>me</span> <span class='ocrx_word' id='word_1_62' title='bbox 536 438 704 472; x_wconf 75' lang='lat' dir='ltr'>venerunt,</span> <span class='ocrx_word' id='word_1_63' title='bbox 719 431 903 472; x_wconf 75' lang='lat' dir='ltr'>significare</span> <span class='ocrx_word' id='word_1_64' title='bbox 917 431 1079 471; x_wconf 80' lang='lat' dir='ltr'>videntur,</span> <span class='ocrx_word' id='word_1_65' title='bbox 1101 441 1175 461; x_wconf 90' lang='lat' dir='ltr'>eum</span> <span class='ocrx_word' id='word_1_66' title='bbox 1198 431 1266 470; x_wconf 94' lang='lat' dir='ltr'>plu</span> <span class='ocrx_word' id='word_1_67' title='bbox 1278 431 1340 461; x_wconf 90' lang='lat' dir='ltr'>rib</span> <span class='ocrx_word' id='word_1_68' title='bbox 1352 441 1370 460; x_wconf 95' lang='lat' dir='ltr'>u</span> <span class='ocrx_word' id='word_1_69' title='bbox 1382 441 1397 460; x_wconf 85' lang='lat' dir='ltr'>s</span> <span class='ocrx_word' id='word_1_70' title='bbox 1421 432 1520 471; x_wconf 85' lang='lat' dir='ltr'>portis</span> <span class='ocrx_word' id='word_1_71' title='bbox 1533 432 1652 461; x_wconf 87' lang='lat' dir='ltr'>clausis</span> <span class='ocrx_word' id='word_1_72' title='bbox 1668 441 1686 461; x_wconf 85' lang='lat' dir='ltr'>a</span> <span class='ocrx_word' id='word_1_73' title='bbox 1699 431 1776 471; x_wconf 83' lang='lat' dir='ltr'>fuga</span> <span class='ocrx_word' id='word_1_74' title='bbox 1793 435 1949 460; x_wconf 81' lang='lat' dir='ltr'>retentum</span> <span class='ocrx_word' id='word_1_75' title='bbox 1964 438 2051 459; x_wconf 88' lang='lat' dir='ltr'>esse.</span> 
     </span>
    </p>
   </div>
   <div class='ocr_carea' id='block_1_4' title="bbox 474 540 1834 647">
    <p class='ocr_par' dir='ltr' id='par_1_4' title="bbox 474 540 1834 647">
     <span class='ocr_line' id='line_1_7' title="bbox 1066 540 1252 574; baseline -0.011 0"><span class='ocrx_word' id='word_1_76' title='bbox 1066 540 1252 574; x_wconf 65' lang='lat' dir='ltr'>evul-</span> 
     </span>
     <span class='ocr_line' id='line_1_8' title="bbox 474 605 1834 647; baseline -0.001 -7"><span class='ocrx_word' id='word_1_77' title='bbox 474 606 665 647; x_wconf 77' lang='lat' dir='ltr'>njamil</span> <span class='ocrx_word' id='word_1_78' title='bbox 689 607 736 641; x_wconf 71' lang='grc'>1».</span> <span class='ocrx_word' id='word_1_79' title='bbox 760 607 1087 642; x_wconf 51' lang='lat' dir='ltr'>Anba-:allah</span> <span class='ocrx_word' id='word_1_80' title='bbox 1110 607 1157 641; x_wconf 76' lang='lat' dir='ltr'>b.</span> <span class='ocrx_word' id='word_1_81' title='bbox 1179 607 1413 640; x_wconf 67' lang='lat' dir='ltr'>Blahwal·</span> <span class='ocrx_word' id='word_1_82' title='bbox 1437 605 1674 641; x_wconf 75' lang='lat' dir='ltr'>sslndsrita</span> <span class='ocrx_word' id='word_1_83' title='bbox 1697 605 1834 641; x_wconf 77' lang='lat' dir='ltr'>dixit.</span> 
     </span>
    </p>
   </div>
   <div class='ocr_carea' id='block_1_5' title="bbox 242 668 2050 2472">
    <p class='ocr_par' dir='ltr' id='par_1_5' title="bbox 242 668 2050 2472">
     <span class='ocr_line' id='line_1_9' title="bbox 353 668 2050 721; baseline -0.001 -14"><span class='ocrx_word' id='word_1_84' title='bbox 353 678 402 707; x_wconf 86' lang='lat' dir='ltr'>Dc</span> <span class='ocrx_word' id='word_1_85' title='bbox 431 683 528 718; x_wconf 85' lang='lat' dir='ltr'>poeta</span> <span class='ocrx_word' id='word_1_86' title='bbox 556 679 703 710; x_wconf 78' lang='lat' dir='ltr'>conferas</span> <span class='ocrx_word' id='word_1_87' title='bbox 732 680 826 710; x_wconf 84' lang='lat' dir='ltr'>Ham.</span> <span class='ocrx_word' id='word_1_88' title='bbox 852 682 895 709; x_wconf 71' lang='lat' dir='ltr'>too</span> <span class='ocrx_word' id='word_1_89' title='bbox 925 681 987 709; x_wconf 73' lang='lat' dir='ltr'>oii&#39;.</span> <span class='ocrx_word' id='word_1_90' title='bbox 1016 679 1108 710; x_wconf 84' lang='lat' dir='ltr'>Gens</span> <span class='ocrx_word' id='word_1_91' title='bbox 1136 678 1301 717; x_wconf 79' lang='lat' dir='ltr'>Ohdsrah‚</span> <span class='ocrx_word' id='word_1_92' title='bbox 1328 679 1367 709; x_wconf 89' lang='lat' dir='ltr'>ad</span> <span class='ocrx_word' id='word_1_93' title='bbox 1387 689 1482 719; x_wconf 89' lang='lat' dir='ltr'>quam</span> <span class='ocrx_word' id='word_1_94' title='bbox 1502 683 1599 718; x_wconf 84' lang='lat' dir='ltr'>poeta</span> <span class='ocrx_word' id='word_1_95' title='bbox 1615 679 1806 718; x_wconf 79' lang='lat' dir='ltr'>pertinebat,</span> <span class='ocrx_word' id='word_1_96' title='bbox 1834 686 1950 707; x_wconf 84' lang='lat' dir='ltr'>avoce</span> <span class='ocrx_word' id='word_1_97' title='bbox 1967 668 2050 721; x_wconf 47' lang='lat' dir='ltr'>Syke</span> 
     </span>
     <span class='ocr_line' id='line_1_10' title="bbox 254 736 2050 788; baseline -0.001 -19"><span class='ocrx_word' id='word_1_98' title='bbox 254 741 401 777; x_wconf 84' lang='lat' dir='ltr'>(crinium</span> <span class='ocrx_word' id='word_1_99' title='bbox 430 742 646 782; x_wconf 70' lang='lat' dir='ltr'>complexus),</span> <span class='ocrx_word' id='word_1_100' title='bbox 675 743 766 773; x_wconf 86' lang='lat' dir='ltr'>cuius</span> <span class='ocrx_word' id='word_1_101' title='bbox 798 743 928 782; x_wconf 82' lang='lat' dir='ltr'>pluralis</span> <span class='ocrx_word' id='word_1_102' title='bbox 952 736 1024 788; x_wconf 50' lang='lat' dir='ltr'>fh:</span> <span class='ocrx_word' id='word_1_103' title='bbox 1051 747 1114 777; x_wconf 89' lang='lat' dir='ltr'>est,</span> <span class='ocrx_word' id='word_1_104' title='bbox 1143 751 1257 770; x_wconf 83' lang='lat' dir='ltr'>nomen</span> <span class='ocrx_word' id='word_1_105' title='bbox 1285 744 1424 780; x_wconf 83' lang='lat' dir='ltr'>accepit.</span> <span class='ocrx_word' id='word_1_106' title='bbox 1453 741 1541 771; x_wconf 81' lang='lat' dir='ltr'>Dixit</span> <span class='ocrx_word' id='word_1_107' title='bbox 1557 740 1743 770; x_wconf 78' lang='lat' dir='ltr'>Koraiihta:</span> <span class='ocrx_word' id='word_1_108' title='bbox 1773 740 1882 779; x_wconf 82' lang='lat' dir='ltr'>(metr.</span> <span class='ocrx_word' id='word_1_109' title='bbox 1905 737 2050 775; x_wconf 83' lang='lat' dir='ltr'>Thawil)</span> 
     </span>
     <span class='ocr_line' id='line_1_11' title="bbox 253 800 2049 844; baseline -0.001 -13"><span class='ocrx_word' id='word_1_110' title='bbox 253 803 432 833; x_wconf 79' lang='lat' dir='ltr'>Brevem</span> <span class='ocrx_word' id='word_1_111' title='bbox 463 805 658 834; x_wconf 78' lang='lat' dir='ltr'>manicam</span> <span class='ocrx_word' id='word_1_112' title='bbox 688 805 827 834; x_wconf 81' lang='lat' dir='ltr'>vestis</span> <span class='ocrx_word' id='word_1_113' title='bbox 860 804 1041 844; x_wconf 49' lang='lat' dir='ltr'>habens,</span> <span class='ocrx_word' id='word_1_114' title='bbox 1076 803 1200 844; x_wconf 87' lang='lat' dir='ltr'>longo</span> <span class='ocrx_word' id='word_1_115' title='bbox 1229 803 1337 834; x_wconf 89' lang='lat' dir='ltr'>collo</span> <span class='ocrx_word' id='word_1_116' title='bbox 1366 802 1587 842; x_wconf 82' lang='lat' dir='ltr'>praeditus</span> <span class='ocrx_word' id='word_1_117' title='bbox 1618 803 1725 832; x_wconf 78' lang='lat' dir='ltr'>Euro</span> <span class='ocrx_word' id='word_1_118' title='bbox 1752 811 1881 840; x_wconf 88' lang='lat' dir='ltr'>super</span> <span class='ocrx_word' id='word_1_119' title='bbox 1908 800 2049 830; x_wconf 80' lang='lat' dir='ltr'>latera</span> 
     </span>
     <span class='ocr_line' id='line_1_12' title="bbox 251 862 2048 907; baseline -0.001 -14"><span class='ocrx_word' id='word_1_120' title='bbox 251 865 372 894; x_wconf 88' lang='lat' dir='ltr'>dorsi</span> <span class='ocrx_word' id='word_1_121' title='bbox 401 867 590 905; x_wconf 77' lang='lat' dir='ltr'>(comam)</span> <span class='ocrx_word' id='word_1_122' title='bbox 618 867 781 906; x_wconf 81' lang='lat' dir='ltr'>plexam</span> <span class='ocrx_word' id='word_1_123' title='bbox 810 869 988 907; x_wconf 75' lang='lat' dir='ltr'>crispam</span> <span class='ocrx_word' id='word_1_124' title='bbox 1016 868 1209 899; x_wconf 80' lang='lat' dir='ltr'>demitto.</span> <span class='ocrx_word' id='word_1_125' title='bbox 1239 867 1485 897; x_wconf 86' lang='lat' dir='ltr'>Ohdsrahfilius</span> <span class='ocrx_word' id='word_1_126' title='bbox 1501 864 1769 896; x_wconf 83' lang='lat' dir='ltr'>SahdiHodsaim</span> <span class='ocrx_word' id='word_1_127' title='bbox 1786 870 1864 894; x_wconf 82' lang='lat' dir='ltr'>erat.</span> <span class='ocrx_word' id='word_1_128' title='bbox 1894 862 2048 893; x_wconf 86' lang='lat' dir='ltr'>Hodsaim</span> 
     </span>
     <span class='ocr_line' id='line_1_13' title="bbox 252 925 2049 971; baseline -0.002 -13"><span class='ocrx_word' id='word_1_129' title='bbox 252 932 356 958; x_wconf 83' lang='lat' dir='ltr'>autern</span> <span class='ocrx_word' id='word_1_130' title='bbox 385 939 496 958; x_wconf 90' lang='lat' dir='ltr'>nomen</span> <span class='ocrx_word' id='word_1_131' title='bbox 525 930 610 960; x_wconf 79' lang='lat' dir='ltr'>servi</span> <span class='ocrx_word' id='word_1_132' title='bbox 642 936 730 968; x_wconf 78' lang='lat' dir='ltr'>erat,</span> <span class='ocrx_word' id='word_1_133' title='bbox 771 932 823 971; x_wconf 90' lang='lat' dir='ltr'>qui</span> <span class='ocrx_word' id='word_1_134' title='bbox 850 941 922 961; x_wconf 83' lang='lat' dir='ltr'>eum</span> <span class='ocrx_word' id='word_1_135' title='bbox 951 931 1170 969; x_wconf 81' lang='lat' dir='ltr'>educaverat,</span> <span class='ocrx_word' id='word_1_136' title='bbox 1198 934 1233 959; x_wconf 87' lang='lat' dir='ltr'>ut</span> <span class='ocrx_word' id='word_1_137' title='bbox 1261 930 1300 958; x_wconf 89' lang='lat' dir='ltr'>ab</span> <span class='ocrx_word' id='word_1_138' title='bbox 1333 939 1369 959; x_wconf 81' lang='lat' dir='ltr'>co</span> <span class='ocrx_word' id='word_1_139' title='bbox 1399 938 1578 969; x_wconf 78' lang='lat' dir='ltr'>cognomen</span> <span class='ocrx_word' id='word_1_140' title='bbox 1607 929 1780 966; x_wconf 79' lang='lat' dir='ltr'>acciperet.</span> <span class='ocrx_word' id='word_1_141' title='bbox 1822 925 1952 955; x_wconf 79' lang='lat' dir='ltr'>Sahdus</span> <span class='ocrx_word' id='word_1_142' title='bbox 1981 931 2049 954; x_wconf 90' lang='lat' dir='ltr'>erat</span> 
     </span>
     <span class='ocr_line' id='line_1_14' title="bbox 251 989 2050 1038; baseline -0.001 -19"><span class='ocrx_word' id='word_1_143' title='bbox 251 989 336 1019; x_wconf 88' lang='lat' dir='ltr'>filius</span> <span class='ocrx_word' id='word_1_144' title='bbox 363 991 509 1024; x_wconf 44' lang='lat' dir='ltr'>Saidssb.</span> <span class='ocrx_word' id='word_1_145' title='bbox 539 992 628 1022; x_wconf 58' lang='lat' dir='ltr'>lraits</span> <span class='ocrx_word' id='word_1_146' title='bbox 654 993 682 1022; x_wconf 91' lang='lat' dir='ltr'>b.</span> <span class='ocrx_word' id='word_1_147' title='bbox 712 993 779 1022; x_wconf 77' lang='lat' dir='ltr'>Sud</span> <span class='ocrx_word' id='word_1_148' title='bbox 808 995 837 1023; x_wconf 92' lang='lat' dir='ltr'>b.</span> <span class='ocrx_word' id='word_1_149' title='bbox 874 993 998 1023; x_wconf 78' lang='lat' dir='ltr'>Aslam.</span> <span class='ocrx_word' id='word_1_150' title='bbox 1037 994 1166 1024; x_wconf 86' lang='lat' dir='ltr'>Nomen</span> <span class='ocrx_word' id='word_1_151' title='bbox 1204 990 1274 1038; x_wconf 52' lang='lat' dir='ltr'>‘dmi</span> <span class='ocrx_word' id='word_1_152' title='bbox 1308 1002 1327 1022; x_wconf 91' lang='lat' dir='ltr'>a</span> <span class='ocrx_word' id='word_1_153' title='bbox 1364 992 1554 1031; x_wconf 86' lang='lat' dir='ltr'>quibusdam</span> <span class='ocrx_word' id='word_1_154' title='bbox 1588 991 1702 1021; x_wconf 64' lang='lat' dir='ltr'>Aslom</span> <span class='ocrx_word' id='word_1_155' title='bbox 1735 989 1979 1030; x_wconf 85' lang='lat' dir='ltr'>pronunciatur,</span> <span class='ocrx_word' id='word_1_156' title='bbox 2015 993 2050 1018; x_wconf 84' lang='lat' dir='ltr'>ut</span> 
     </span>
     <span class='ocr_line' id='line_1_15' title="bbox 250 1049 2049 1094; baseline -0.001 -14"><span class='ocrx_word' id='word_1_157' title='bbox 250 1051 354 1081; x_wconf 83' lang='lat' dir='ltr'>forma</span> <span class='ocrx_word' id='word_1_158' title='bbox 381 1053 513 1091; x_wconf 84' lang='lat' dir='ltr'>pluralis</span> <span class='ocrx_word' id='word_1_159' title='bbox 542 1063 559 1082; x_wconf 88' lang='lat' dir='ltr'>a</span> <span class='ocrx_word' id='word_1_160' title='bbox 589 1062 670 1083; x_wconf 79' lang='lat' dir='ltr'>voce</span> <span class='ocrx_word' id='word_1_161' title='bbox 699 1053 785 1091; x_wconf 40' lang='grc' dir='ltr'>καλου</span> <span class='ocrx_word' id='word_1_162' title='bbox 812 1055 928 1093; x_wconf 80' lang='lat' dir='ltr'>(situla</span> <span class='ocrx_word' id='word_1_163' title='bbox 957 1065 1018 1084; x_wconf 89' lang='lat' dir='ltr'>una</span> <span class='ocrx_word' id='word_1_164' title='bbox 1044 1064 1123 1085; x_wconf 84' lang='lat' dir='ltr'>ansa</span> <span class='ocrx_word' id='word_1_165' title='bbox 1150 1054 1313 1094; x_wconf 81' lang='lat' dir='ltr'>praedita)</span> <span class='ocrx_word' id='word_1_166' title='bbox 1342 1053 1507 1083; x_wconf 82' lang='lat' dir='ltr'>derivandi</span> <span class='ocrx_word' id='word_1_167' title='bbox 1543 1055 1597 1083; x_wconf 88' lang='lat' dir='ltr'>sit.</span> <span class='ocrx_word' id='word_1_168' title='bbox 1637 1052 1752 1082; x_wconf 84' lang='lat' dir='ltr'>Aslom</span> <span class='ocrx_word' id='word_1_169' title='bbox 1790 1051 1927 1091; x_wconf 89' lang='lat' dir='ltr'>denique</span> <span class='ocrx_word' id='word_1_170' title='bbox 1963 1049 2049 1079; x_wconf 81' lang='lat' dir='ltr'>filius</span> 
     </span>
     <span class='ocr_line' id='line_1_16' title="bbox 251 1105 2049 1155; baseline 0 -13"><span class='ocrx_word' id='word_1_171' title='bbox 251 1114 341 1143; x_wconf 72' lang='lat' dir='ltr'>libati</span> <span class='ocrx_word' id='word_1_172' title='bbox 370 1116 398 1143; x_wconf 88' lang='lat' dir='ltr'>b.</span> <span class='ocrx_word' id='word_1_173' title='bbox 426 1115 581 1145; x_wconf 77' lang='lat' dir='ltr'>Kodliaali</span> <span class='ocrx_word' id='word_1_174' title='bbox 609 1120 686 1145; x_wconf 81' lang='lat' dir='ltr'>erat.</span> <span class='ocrx_word' id='word_1_175' title='bbox 718 1117 764 1145; x_wconf 81' lang='lat' dir='ltr'>De</span> <span class='ocrx_word' id='word_1_176' title='bbox 794 1120 918 1147; x_wconf 90' lang='lat' dir='ltr'>nomine</span> <span class='ocrx_word' id='word_1_177' title='bbox 945 1105 1038 1148; x_wconf 44' lang='lat'>„435</span> <span class='ocrx_word' id='word_1_178' title='bbox 1067 1119 1128 1146; x_wconf 84' lang='lat' dir='ltr'>non</span> <span class='ocrx_word' id='word_1_179' title='bbox 1156 1119 1369 1146; x_wconf 84' lang='lat' dir='ltr'>consentiunt.</span> <span class='ocrx_word' id='word_1_180' title='bbox 1404 1115 1624 1155; x_wconf 82' lang='lat' dir='ltr'>Genealogiae</span> <span class='ocrx_word' id='word_1_181' title='bbox 1651 1108 1750 1154; x_wconf 67' lang='lat' dir='ltr'>peritiv</span> <span class='ocrx_word' id='word_1_182' title='bbox 1770 1122 1886 1143; x_wconf 80' lang='lat' dir='ltr'>versus</span> <span class='ocrx_word' id='word_1_183' title='bbox 1914 1112 2049 1153; x_wconf 81' lang='lat' dir='ltr'>excogi-</span> 
     </span>
     <span class='ocr_line' id='line_1_17' title="bbox 251 1175 2047 1219; baseline -0.001 -13"><span class='ocrx_word' id='word_1_184' title='bbox 251 1183 367 1215; x_wconf 86' lang='lat' dir='ltr'>tarunt,</span> <span class='ocrx_word' id='word_1_185' title='bbox 394 1179 507 1217; x_wconf 74' lang='lat' dir='ltr'>quibus</span> <span class='ocrx_word' id='word_1_186' title='bbox 535 1180 603 1209; x_wconf 73' lang='lat' dir='ltr'>eius</span> <span class='ocrx_word' id='word_1_187' title='bbox 632 1189 745 1209; x_wconf 89' lang='lat' dir='ltr'>nomen</span> <span class='ocrx_word' id='word_1_188' title='bbox 773 1180 917 1219; x_wconf 86' lang='lat' dir='ltr'>probant.</span> <span class='ocrx_word' id='word_1_189' title='bbox 946 1180 1027 1209; x_wconf 77' lang='lat' dir='ltr'>Aliis</span> <span class='ocrx_word' id='word_1_190' title='bbox 1059 1181 1088 1209; x_wconf 92' lang='lat' dir='ltr'>in</span> <span class='ocrx_word' id='word_1_191' title='bbox 1115 1189 1199 1209; x_wconf 86' lang='lat' dir='ltr'>voce</span> <span class='ocrx_word' id='word_1_192' title='bbox 1225 1179 1380 1209; x_wconf 83' lang='lat' dir='ltr'>articulus</span> <span class='ocrx_word' id='word_1_193' title='bbox 1399 1184 1461 1219; x_wconf 62' lang='lat' dir='ltr'>est,</span> <span class='ocrx_word' id='word_1_194' title='bbox 1487 1179 1557 1208; x_wconf 86' lang='lat' dir='ltr'>aliis</span> <span class='ocrx_word' id='word_1_195' title='bbox 1574 1183 1622 1208; x_wconf 90' lang='lat' dir='ltr'>est</span> <span class='ocrx_word' id='word_1_196' title='bbox 1640 1177 1741 1207; x_wconf 79' lang='lat' dir='ltr'>forma</span> <span class='ocrx_word' id='word_1_197' title='bbox 1759 1177 1895 1206; x_wconf 88' lang='lat' dir='ltr'>nominis</span> <span class='ocrx_word' id='word_1_198' title='bbox 1914 1175 2047 1206; x_wconf 83' lang='lat' dir='ltr'>actionis</span> 
     </span>
     <span class='ocr_line' id='line_1_18' title="bbox 251 1240 2047 1282; baseline -0.002 -12"><span class='ocrx_word' id='word_1_199' title='bbox 251 1240 371 1271; x_wconf 74' lang='lat' dir='ltr'>formae</span> <span class='ocrx_word' id='word_1_200' title='bbox 400 1247 542 1280; x_wconf 82' lang='lat' dir='ltr'>quartae.</span> <span class='ocrx_word' id='word_1_201' title='bbox 571 1243 727 1272; x_wconf 83' lang='lat' dir='ltr'>Kodhaah</span> <span class='ocrx_word' id='word_1_202' title='bbox 756 1253 866 1273; x_wconf 81' lang='lat' dir='ltr'>nornen</span> <span class='ocrx_word' id='word_1_203' title='bbox 894 1243 966 1273; x_wconf 86' lang='lat' dir='ltr'>iude</span> <span class='ocrx_word' id='word_1_204' title='bbox 995 1248 1096 1273; x_wconf 84' lang='lat' dir='ltr'>ortum</span> <span class='ocrx_word' id='word_1_205' title='bbox 1122 1253 1199 1273; x_wconf 83' lang='lat' dir='ltr'>esse</span> <span class='ocrx_word' id='word_1_206' title='bbox 1227 1242 1348 1282; x_wconf 66' lang='lat' dir='ltr'>dicunt,</span> <span class='ocrx_word' id='word_1_207' title='bbox 1377 1242 1460 1280; x_wconf 84' lang='lat' dir='ltr'>qnod</span> <span class='ocrx_word' id='word_1_208' title='bbox 1487 1242 1537 1271; x_wconf 81' lang='lat' dir='ltr'>vir</span> <span class='ocrx_word' id='word_1_209' title='bbox 1565 1251 1582 1271; x_wconf 91' lang='lat' dir='ltr'>a</span> <span class='ocrx_word' id='word_1_210' title='bbox 1609 1246 1705 1281; x_wconf 82' lang='lat' dir='ltr'>gente</span> <span class='ocrx_word' id='word_1_211' title='bbox 1732 1249 1789 1270; x_wconf 84' lang='lat' dir='ltr'>sua</span> <span class='ocrx_word' id='word_1_212' title='bbox 1808 1250 1847 1270; x_wconf 88' lang='lat' dir='ltr'>se</span> <span class='ocrx_word' id='word_1_213' title='bbox 1868 1244 2047 1279; x_wconf 85' lang='lat' dir='ltr'>separaret.</span> 
     </span>
     <span class='ocr_line' id='line_1_19' title="bbox 250 1299 2045 1345; baseline -0.001 -13"><span class='ocrx_word' id='word_1_214' title='bbox 250 1304 313 1333; x_wconf 85' lang='lat' dir='ltr'>Alii</span> <span class='ocrx_word' id='word_1_215' title='bbox 343 1305 403 1333; x_wconf 87' lang='lat' dir='ltr'>alio</span> <span class='ocrx_word' id='word_1_216' title='bbox 432 1305 522 1334; x_wconf 87' lang='lat' dir='ltr'>modo</span> <span class='ocrx_word' id='word_1_217' title='bbox 551 1316 664 1335; x_wconf 82' lang='lat' dir='ltr'>nomen</span> <span class='ocrx_word' id='word_1_218' title='bbox 697 1306 867 1345; x_wconf 76' lang='lat' dir='ltr'>explicant.</span> <span class='ocrx_word' id='word_1_219' title='bbox 899 1306 1123 1336; x_wconf 83' lang='lat' dir='ltr'>Abu-Hilalus</span> <span class='ocrx_word' id='word_1_220' title='bbox 1151 1306 1241 1344; x_wconf 86' lang='lat' dir='ltr'>dixit,</span> <span class='ocrx_word' id='word_1_221' title='bbox 1270 1310 1336 1335; x_wconf 88' lang='lat' dir='ltr'>tres</span> <span class='ocrx_word' id='word_1_222' title='bbox 1352 1310 1466 1345; x_wconf 83' lang='lat' dir='ltr'>poetas</span> <span class='ocrx_word' id='word_1_223' title='bbox 1484 1315 1599 1334; x_wconf 90' lang='lat' dir='ltr'>nomen</span> <span class='ocrx_word' id='word_1_224' title='bbox 1615 1304 1728 1343; x_wconf 78' lang='lat' dir='ltr'>Djamil</span> <span class='ocrx_word' id='word_1_225' title='bbox 1746 1313 1874 1344; x_wconf 85' lang='lat' dir='ltr'>gerere,</span> <span class='ocrx_word' id='word_1_226' title='bbox 1902 1299 2045 1344; x_wconf 61' lang='lat' dir='ltr'>eti&#39;jinter</span> 
     </span>
     <span class='ocr_line' id='line_1_20' title="bbox 250 1366 2047 1410; baseline -0.001 -14"><span class='ocrx_word' id='word_1_227' title='bbox 250 1375 306 1396; x_wconf 84' lang='lat' dir='ltr'>eos</span> <span class='ocrx_word' id='word_1_228' title='bbox 319 1367 485 1406; x_wconf 83' lang='lat' dir='ltr'>Djamilum</span> <span class='ocrx_word' id='word_1_229' title='bbox 501 1369 528 1398; x_wconf 93' lang='lat' dir='ltr'>b.</span> <span class='ocrx_word' id='word_1_230' title='bbox 546 1368 736 1398; x_wconf 78' lang='lat' dir='ltr'>Alid—Allah</span> <span class='ocrx_word' id='word_1_231' title='bbox 755 1369 783 1398; x_wconf 84' lang='lat' dir='ltr'>b.</span> <span class='ocrx_word' id='word_1_232' title='bbox 802 1369 958 1407; x_wconf 50' lang='lat' dir='ltr'>Bahman</span> <span class='ocrx_word' id='word_1_233' title='bbox 978 1370 1238 1410; x_wconf 86' lang='lat' dir='ltr'>cognominatum</span> <span class='ocrx_word' id='word_1_234' title='bbox 1256 1369 1470 1399; x_wconf 71' lang='lat' dir='ltr'>Abu-Ahmru</span> <span class='ocrx_word' id='word_1_235' title='bbox 1487 1378 1575 1398; x_wconf 81' lang='lat' dir='ltr'>esse.</span> <span class='ocrx_word' id='word_1_236' title='bbox 1606 1368 1701 1408; x_wconf 67' lang='lat' dir='ltr'>Sunt,</span> <span class='ocrx_word' id='word_1_237' title='bbox 1718 1366 1770 1407; x_wconf 89' lang='lat' dir='ltr'>qui</span> <span class='ocrx_word' id='word_1_238' title='bbox 1787 1367 1902 1403; x_wconf 77' lang='lat' dir='ltr'>dicant,</span> <span class='ocrx_word' id='word_1_239' title='bbox 1919 1371 2047 1405; x_wconf 84' lang='lat' dir='ltr'>poetam</span> 
     </span>
     <span class='ocr_line' id='line_1_21' title="bbox 250 1426 2047 1471; baseline 0 -14"><span class='ocrx_word' id='word_1_240' title='bbox 250 1429 362 1467; x_wconf 86' lang='lat' dir='ltr'>Djamil</span> <span class='ocrx_word' id='word_1_241' title='bbox 393 1430 420 1457; x_wconf 89' lang='lat' dir='ltr'>b.</span> <span class='ocrx_word' id='word_1_242' title='bbox 450 1430 660 1460; x_wconf 74' lang='lat' dir='ltr'>Alibd-Allali</span> <span class='ocrx_word' id='word_1_243' title='bbox 688 1432 716 1460; x_wconf 91' lang='lat' dir='ltr'>b.</span> <span class='ocrx_word' id='word_1_244' title='bbox 741 1432 901 1471; x_wconf 82' lang='lat' dir='ltr'>Kamijjah</span> <span class='ocrx_word' id='word_1_245' title='bbox 920 1432 1103 1462; x_wconf 84' lang='lat' dir='ltr'>Ohdsritam</span> <span class='ocrx_word' id='word_1_246' title='bbox 1120 1442 1208 1469; x_wconf 87' lang='lat' dir='ltr'>esse,</span> <span class='ocrx_word' id='word_1_247' title='bbox 1237 1434 1328 1462; x_wconf 82' lang='lat' dir='ltr'>cuius</span> <span class='ocrx_word' id='word_1_248' title='bbox 1345 1438 1436 1471; x_wconf 78' lang='lat' dir='ltr'>pater</span> <span class='ocrx_word' id='word_1_249' title='bbox 1451 1431 1571 1461; x_wconf 88' lang='lat' dir='ltr'>nonnisi</span> <span class='ocrx_word' id='word_1_250' title='bbox 1588 1429 1778 1471; x_wconf 88' lang='lat' dir='ltr'>cognomine</span> <span class='ocrx_word' id='word_1_251' title='bbox 1793 1426 2047 1467; x_wconf 79' lang='lat' dir='ltr'>Ebu-Kamijjah</span> 
     </span>
     <span class='ocr_line' id='line_1_22' title="bbox 248 1489 2044 1536; baseline -0.001 -16"><span class='ocrx_word' id='word_1_252' title='bbox 248 1498 343 1520; x_wconf 81' lang='lat' dir='ltr'>notus</span> <span class='ocrx_word' id='word_1_253' title='bbox 374 1492 479 1522; x_wconf 87' lang='lat' dir='ltr'>fuerit.</span> <span class='ocrx_word' id='word_1_254' title='bbox 510 1494 697 1523; x_wconf 59' lang='lat' dir='ltr'>Alsobairus</span> <span class='ocrx_word' id='word_1_255' title='bbox 728 1494 754 1523; x_wconf 90' lang='lat' dir='ltr'>b.</span> <span class='ocrx_word' id='word_1_256' title='bbox 784 1493 941 1536; x_wconf 51' lang='lat' dir='ltr'>Baccaffl)</span> <span class='ocrx_word' id='word_1_257' title='bbox 969 1505 1046 1525; x_wconf 83' lang='lat' dir='ltr'>vero</span> <span class='ocrx_word' id='word_1_258' title='bbox 1075 1495 1165 1534; x_wconf 85' lang='lat' dir='ltr'>dixit,</span> <span class='ocrx_word' id='word_1_259' title='bbox 1192 1504 1305 1525; x_wconf 90' lang='lat' dir='ltr'>nomen</span> <span class='ocrx_word' id='word_1_260' title='bbox 1334 1499 1449 1533; x_wconf 83' lang='lat' dir='ltr'>poetae</span> <span class='ocrx_word' id='word_1_261' title='bbox 1478 1493 1578 1523; x_wconf 85' lang='lat' dir='ltr'>nostri</span> <span class='ocrx_word' id='word_1_262' title='bbox 1606 1492 1710 1522; x_wconf 81' lang='lat' dir='ltr'>fuisse</span> <span class='ocrx_word' id='word_1_263' title='bbox 1738 1491 1854 1531; x_wconf 86' lang='lat' dir='ltr'>Djamil</span> <span class='ocrx_word' id='word_1_264' title='bbox 1881 1490 1910 1520; x_wconf 91' lang='lat' dir='ltr'>b.</span> <span class='ocrx_word' id='word_1_265' title='bbox 1933 1489 2044 1520; x_wconf 86' lang='lat' dir='ltr'>Ahbd-</span> 
     </span>
     <span class='ocr_line' id='line_1_23' title="bbox 247 1551 2043 1598; baseline -0.001 -15"><span class='ocrx_word' id='word_1_266' title='bbox 247 1554 344 1584; x_wconf 78' lang='lat' dir='ltr'>Allah</span> <span class='ocrx_word' id='word_1_267' title='bbox 371 1555 399 1584; x_wconf 89' lang='lat' dir='ltr'>b.</span> <span class='ocrx_word' id='word_1_268' title='bbox 420 1556 514 1584; x_wconf 86' lang='lat' dir='ltr'>Honn</span> <span class='ocrx_word' id='word_1_269' title='bbox 541 1556 570 1585; x_wconf 89' lang='lat' dir='ltr'>b.</span> <span class='ocrx_word' id='word_1_270' title='bbox 588 1556 710 1586; x_wconf 77' lang='lat' dir='ltr'>Rabiab</span> <span class='ocrx_word' id='word_1_271' title='bbox 739 1558 766 1586; x_wconf 93' lang='lat' dir='ltr'>b.</span> <span class='ocrx_word' id='word_1_272' title='bbox 796 1558 913 1587; x_wconf 68' lang='lat' dir='ltr'>tiaram</span> <span class='ocrx_word' id='word_1_273' title='bbox 941 1561 990 1588; x_wconf 87' lang='lat' dir='ltr'>etc</span> <span class='ocrx_word' id='word_1_274' title='bbox 1013 1569 1021 1597; x_wconf 77' lang='lat'>3</span> <span class='ocrx_word' id='word_1_275' title='bbox 1050 1559 1220 1598; x_wconf 88' lang='lat' dir='ltr'>Djamilum</span> <span class='ocrx_word' id='word_1_276' title='bbox 1246 1556 1483 1594; x_wconf 64' lang='lat' dir='ltr'>b,.t1moah11a,</span> <span class='ocrx_word' id='word_1_277' title='bbox 1512 1557 1562 1594; x_wconf 88' lang='lat' dir='ltr'>qni</span> <span class='ocrx_word' id='word_1_278' title='bbox 1577 1556 1616 1585; x_wconf 90' lang='lat' dir='ltr'>ad</span> <span class='ocrx_word' id='word_1_279' title='bbox 1634 1560 1765 1597; x_wconf 82' lang='lat' dir='ltr'>gentem</span> <span class='ocrx_word' id='word_1_280' title='bbox 1782 1551 2043 1584; x_wconf 77' lang='lat' dir='ltr'>Banu-Ahmirah</span> 
     </span>
     <span class='ocr_line' id='line_1_24' title="bbox 248 1617 2040 1666; baseline 0 -20"><span class='ocrx_word' id='word_1_281' title='bbox 248 1617 277 1647; x_wconf 90' lang='lat' dir='ltr'>b.</span> <span class='ocrx_word' id='word_1_282' title='bbox 292 1617 477 1658; x_wconf 80' lang='lat' dir='ltr'>Djowajjah</span> <span class='ocrx_word' id='word_1_283' title='bbox 502 1619 531 1648; x_wconf 94' lang='lat' dir='ltr'>b.</span> <span class='ocrx_word' id='word_1_284' title='bbox 553 1619 752 1666; x_wconf 20' lang='lat' dir='ltr'>Laudsantb.</span> <span class='ocrx_word' id='word_1_285' title='bbox 773 1620 957 1649; x_wconf 80' lang='lat' dir='ltr'>&#39;l&#39;sahlebah</span> <span class='ocrx_word' id='word_1_286' title='bbox 979 1621 1007 1649; x_wconf 90' lang='lat' dir='ltr'>b.</span> <span class='ocrx_word' id='word_1_287' title='bbox 1025 1621 1108 1650; x_wconf 87' lang='lat' dir='ltr'>Ahdi</span> <span class='ocrx_word' id='word_1_288' title='bbox 1128 1621 1157 1650; x_wconf 90' lang='lat' dir='ltr'>b.</span> <span class='ocrx_word' id='word_1_289' title='bbox 1179 1620 1320 1650; x_wconf 78' lang='lat' dir='ltr'>Fesarali</span> <span class='ocrx_word' id='word_1_290' title='bbox 1350 1622 1537 1660; x_wconf 79' lang='lat' dir='ltr'>pertineret,</span> <span class='ocrx_word' id='word_1_291' title='bbox 1565 1625 1738 1658; x_wconf 87' lang='lat' dir='ltr'>sequentes</span> <span class='ocrx_word' id='word_1_292' title='bbox 1763 1627 1878 1648; x_wconf 85' lang='lat' dir='ltr'>versus</span> <span class='ocrx_word' id='word_1_293' title='bbox 1905 1617 2040 1647; x_wconf 85' lang='lat' dir='ltr'>dixisse:</span> 
     </span>
     <span class='ocr_line' id='line_1_25' title="bbox 250 1679 2041 1722; baseline -0.001 -11"><span class='ocrx_word' id='word_1_294' title='bbox 250 1682 360 1721; x_wconf 87' lang='lat' dir='ltr'>(metr.</span> <span class='ocrx_word' id='word_1_295' title='bbox 381 1682 508 1721; x_wconf 70' lang='lat' dir='ltr'>VVafir)</span> <span class='ocrx_word' id='word_1_296' title='bbox 537 1683 564 1712; x_wconf 84' lang='lat' dir='ltr'>A</span> <span class='ocrx_word' id='word_1_297' title='bbox 594 1683 703 1712; x_wconf 84' lang='lat' dir='ltr'>cibis</span> <span class='ocrx_word' id='word_1_298' title='bbox 732 1693 789 1713; x_wconf 90' lang='lat' dir='ltr'>me</span> <span class='ocrx_word' id='word_1_299' title='bbox 815 1687 988 1721; x_wconf 81' lang='lat' dir='ltr'>averto,</span> <span class='ocrx_word' id='word_1_300' title='bbox 1016 1691 1119 1722; x_wconf 86' lang='lat' dir='ltr'>quos</span> <span class='ocrx_word' id='word_1_301' title='bbox 1146 1682 1254 1719; x_wconf 86' lang='lat' dir='ltr'>vidi,</span> <span class='ocrx_word' id='word_1_302' title='bbox 1282 1692 1436 1721; x_wconf 78' lang='lat' dir='ltr'>eosque</span> <span class='ocrx_word' id='word_1_303' title='bbox 1462 1682 1673 1721; x_wconf 83' lang='lat' dir='ltr'>relinquo,</span> <span class='ocrx_word' id='word_1_304' title='bbox 1703 1680 1789 1710; x_wconf 91' lang='lat' dir='ltr'>dum</span> <span class='ocrx_word' id='word_1_305' title='bbox 1815 1679 2041 1710; x_wconf 84' lang='lat' dir='ltr'>famelicus</span> 
     </span>
     <span class='ocr_line' id='line_1_26' title="bbox 247 1741 2041 1787; baseline -0.002 -14"><span class='ocrx_word' id='word_1_306' title='bbox 247 1753 350 1785; x_wconf 75' lang='lat' dir='ltr'>sum3</span> <span class='ocrx_word' id='word_1_307' title='bbox 377 1754 481 1783; x_wconf 89' lang='lat' dir='ltr'>nam,</span> <span class='ocrx_word' id='word_1_308' title='bbox 511 1755 581 1784; x_wconf 86' lang='lat' dir='ltr'>per</span> <span class='ocrx_word' id='word_1_309' title='bbox 606 1745 757 1787; x_wconf 52' lang='lat' dir='ltr'>Deum&gt;</span> <span class='ocrx_word' id='word_1_310' title='bbox 785 1754 913 1783; x_wconf 78' lang='lat' dir='ltr'>neque</span> <span class='ocrx_word' id='word_1_311' title='bbox 940 1748 979 1775; x_wconf 89' lang='lat' dir='ltr'>in</span> <span class='ocrx_word' id='word_1_312' title='bbox 1007 1747 1097 1775; x_wconf 81' lang='lat' dir='ltr'>vita</span> <span class='ocrx_word' id='word_1_313' title='bbox 1124 1755 1253 1785; x_wconf 89' lang='lat' dir='ltr'>neque</span> <span class='ocrx_word' id='word_1_314' title='bbox 1282 1746 1317 1774; x_wconf 93' lang='lat' dir='ltr'>in</span> <span class='ocrx_word' id='word_1_315' title='bbox 1338 1744 1487 1774; x_wconf 84' lang='lat' dir='ltr'>mundo</span> <span class='ocrx_word' id='word_1_316' title='bbox 1507 1745 1650 1774; x_wconf 88' lang='lat' dir='ltr'>bonum</span> <span class='ocrx_word' id='word_1_317' title='bbox 1671 1748 1755 1783; x_wconf 75' lang='lat' dir='ltr'>est,</span> <span class='ocrx_word' id='word_1_318' title='bbox 1776 1741 2041 1782; x_wconf 90' lang='lat' dir='ltr'>quumpudor</span> 
     </span>
     <span class='ocr_line' id='line_1_27' title="bbox 246 1807 2041 1847; baseline -0.001 -11"><span class='ocrx_word' id='word_1_319' title='bbox 246 1807 335 1836; x_wconf 86' lang='lat' dir='ltr'>abit</span> <span class='ocrx_word' id='word_1_320' title='bbox 368 1808 448 1837; x_wconf 82' lang='lat' dir='ltr'>conf.</span> <span class='ocrx_word' id='word_1_321' title='bbox 476 1808 568 1838; x_wconf 87' lang='lat' dir='ltr'>Ham.</span> <span class='ocrx_word' id='word_1_322' title='bbox 603 1809 665 1837; x_wconf 76' lang='lat' dir='ltr'>ot‘i.</span> <span class='ocrx_word' id='word_1_323' title='bbox 712 1807 879 1847; x_wconf 80' lang='lat' dir='ltr'>Djamiluni</span> <span class='ocrx_word' id='word_1_324' title='bbox 917 1809 944 1838; x_wconf 89' lang='lat' dir='ltr'>b.</span> <span class='ocrx_word' id='word_1_325' title='bbox 981 1808 1081 1838; x_wconf 86' lang='lat' dir='ltr'>Sidan</span> <span class='ocrx_word' id='word_1_326' title='bbox 1117 1807 1287 1837; x_wconf 85' lang='lat' dir='ltr'>Asaditam</span> <span class='ocrx_word' id='word_1_327' title='bbox 1322 1813 1484 1837; x_wconf 78' lang='lat' dir='ltr'>auctorem</span> <span class='ocrx_word' id='word_1_328' title='bbox 1524 1807 1725 1845; x_wconf 87' lang='lat' dir='ltr'>sequentium</span> <span class='ocrx_word' id='word_1_329' title='bbox 1756 1814 1912 1836; x_wconf 89' lang='lat' dir='ltr'>versuum</span> <span class='ocrx_word' id='word_1_330' title='bbox 1947 1814 2041 1834; x_wconf 83' lang='lat' dir='ltr'>esse:</span> 
     </span>
     <span class='ocr_line' id='line_1_28' title="bbox 247 1865 2039 1910; baseline 0 -12"><span class='ocrx_word' id='word_1_331' title='bbox 247 1869 358 1907; x_wconf 83' lang='lat' dir='ltr'>(metr.</span> <span class='ocrx_word' id='word_1_332' title='bbox 388 1870 532 1909; x_wconf 76' lang='lat' dir='ltr'>&#39;l&#39;hawil)</span> <span class='ocrx_word' id='word_1_333' title='bbox 561 1870 587 1900; x_wconf 94' lang='grc' dir='ltr'><strong>Ο</strong></span> <span class='ocrx_word' id='word_1_334' title='bbox 617 1870 802 1909; x_wconf 86' lang='lat' dir='ltr'>Djomlah</span> <span class='ocrx_word' id='word_1_335' title='bbox 830 1866 1029 1910; x_wconf 62' lang='lat' dir='ltr'>(mulierss</span> <span class='ocrx_word' id='word_1_336' title='bbox 1070 1871 1173 1901; x_wconf 88' lang='lat' dir='ltr'>Num</span> <span class='ocrx_word' id='word_1_337' title='bbox 1201 1870 1388 1900; x_wconf 83' lang='lat' dir='ltr'>debiturn</span> <span class='ocrx_word' id='word_1_338' title='bbox 1417 1873 1607 1909; x_wconf 81' lang='lat' dir='ltr'>tempore.</span> <span class='ocrx_word' id='word_1_339' title='bbox 1630 1878 1702 1897; x_wconf 88' lang='lat' dir='ltr'>suo</span> <span class='ocrx_word' id='word_1_340' title='bbox 1730 1868 1918 1898; x_wconf 87' lang='lat' dir='ltr'>solutum</span> <span class='ocrx_word' id='word_1_341' title='bbox 1945 1865 2039 1898; x_wconf 63' lang='lat' dir='ltr'>est?</span> 
     </span>
     <span class='ocr_line' id='line_1_29' title="bbox 247 1929 2036 1970; baseline -0.002 -9"><span class='ocrx_word' id='word_1_342' title='bbox 247 1930 443 1961; x_wconf 81' lang='lat' dir='ltr'>Debitum</span> <span class='ocrx_word' id='word_1_343' title='bbox 476 1931 580 1962; x_wconf 89' lang='lat' dir='ltr'>illud</span> <span class='ocrx_word' id='word_1_344' title='bbox 617 1935 870 1962; x_wconf 85' lang='lat' dir='ltr'>necessario</span> <span class='ocrx_word' id='word_1_345' title='bbox 908 1932 1160 1962; x_wconf 82' lang='lat' dir='ltr'>solvendum</span> <span class='ocrx_word' id='word_1_346' title='bbox 1200 1936 1266 1962; x_wconf 89' lang='lat' dir='ltr'>est</span> <span class='ocrx_word' id='word_1_347' title='bbox 1303 1937 1342 1961; x_wconf 88' lang='lat' dir='ltr'>et</span> <span class='ocrx_word' id='word_1_348' title='bbox 1381 1933 1546 1970; x_wconf 84' lang='lat' dir='ltr'>petenti</span> <span class='ocrx_word' id='word_1_349' title='bbox 1584 1930 1889 1960; x_wconf 76' lang='lat' dir='ltr'>necessarium.</span> <span class='ocrx_word' id='word_1_350' title='bbox 1934 1929 2036 1959; x_wconf 82' lang='lat' dir='ltr'>Eius</span> 
     </span>
     <span class='ocr_line' id='line_1_30' title="bbox 245 1992 2039 2036; baseline 0.001 -15"><span class='ocrx_word' id='word_1_351' title='bbox 245 1995 405 2022; x_wconf 85' lang='lat' dir='ltr'>somnia</span> <span class='ocrx_word' id='word_1_352' title='bbox 434 1993 632 2023; x_wconf 82' lang='lat' dir='ltr'>diuturna</span> <span class='ocrx_word' id='word_1_353' title='bbox 656 1998 770 2033; x_wconf 80' lang='lat' dir='ltr'>sunt,</span> <span class='ocrx_word' id='word_1_354' title='bbox 812 1994 848 2023; x_wconf 90' lang='lat' dir='ltr'>si</span> <span class='ocrx_word' id='word_1_355' title='bbox 875 1993 915 2023; x_wconf 87' lang='lat' dir='ltr'>id</span> <span class='ocrx_word' id='word_1_356' title='bbox 943 1994 1081 2024; x_wconf 89' lang='lat' dir='ltr'>solvis</span> <span class='ocrx_word' id='word_1_357' title='bbox 1110 1998 1152 2024; x_wconf 89' lang='lat' dir='ltr'>et</span> <span class='ocrx_word' id='word_1_358' title='bbox 1186 1995 1233 2024; x_wconf 91' lang='lat' dir='ltr'>ob</span> <span class='ocrx_word' id='word_1_359' title='bbox 1269 2004 1336 2036; x_wconf 76' lang='lat' dir='ltr'>ea,</span> <span class='ocrx_word' id='word_1_360' title='bbox 1375 2003 1476 2032; x_wconf 85' lang='lat' dir='ltr'>quae</span> <span class='ocrx_word' id='word_1_361' title='bbox 1515 1992 1732 2032; x_wconf 78' lang='lat' dir='ltr'>effecisti,</span> <span class='ocrx_word' id='word_1_362' title='bbox 1768 1997 1807 2022; x_wconf 87' lang='lat' dir='ltr'>nt</span> <span class='ocrx_word' id='word_1_363' title='bbox 1846 1995 2039 2032; x_wconf 78' lang='lat' dir='ltr'>optaret,</span> 
     </span>
     <span class='ocr_line' id='line_1_31' title="bbox 245 2055 2037 2095; baseline -0.002 -8"><span class='ocrx_word' id='word_1_364' title='bbox 245 2057 335 2087; x_wconf 77' lang='lat' dir='ltr'>eius</span> <span class='ocrx_word' id='word_1_365' title='bbox 364 2056 461 2086; x_wconf 87' lang='lat' dir='ltr'>cilia</span> <span class='ocrx_word' id='word_1_366' title='bbox 488 2057 675 2086; x_wconf 88' lang='lat' dir='ltr'>interdiu</span> <span class='ocrx_word' id='word_1_367' title='bbox 703 2061 935 2087; x_wconf 84' lang='lat' dir='ltr'>moventur.</span> <span class='ocrx_word' id='word_1_368' title='bbox 966 2057 1046 2087; x_wconf 73' lang='lat' dir='ltr'>Aut</span> <span class='ocrx_word' id='word_1_369' title='bbox 1072 2065 1115 2085; x_wconf 86' lang='lat' dir='ltr'>re</span> <span class='ocrx_word' id='word_1_370' title='bbox 1142 2065 1245 2085; x_wconf 86' lang='lat' dir='ltr'>vera</span> <span class='ocrx_word' id='word_1_371' title='bbox 1273 2061 1312 2086; x_wconf 81' lang='lat' dir='ltr'>te</span> <span class='ocrx_word' id='word_1_372' title='bbox 1341 2056 1573 2095; x_wconf 76' lang='lat' dir='ltr'>coniunge,</span> <span class='ocrx_word' id='word_1_373' title='bbox 1616 2060 1688 2084; x_wconf 88' lang='lat' dir='ltr'>aut</span> <span class='ocrx_word' id='word_1_374' title='bbox 1715 2059 1753 2084; x_wconf 83' lang='lat' dir='ltr'>te</span> <span class='ocrx_word' id='word_1_375' title='bbox 1781 2055 1938 2084; x_wconf 84' lang='lat' dir='ltr'>omnino</span> <span class='ocrx_word' id='word_1_376' title='bbox 1967 2063 2037 2084; x_wconf 90' lang='lat' dir='ltr'>se-</span> 
     </span>
     <span class='ocr_line' id='line_1_32' title="bbox 244 2117 2033 2160; baseline -0.001 -12"><span class='ocrx_word' id='word_1_377' title='bbox 244 2128 361 2159; x_wconf 89' lang='lat' dir='ltr'>para,</span> <span class='ocrx_word' id='word_1_378' title='bbox 390 2128 471 2148; x_wconf 88' lang='lat' dir='ltr'>nam</span> <span class='ocrx_word' id='word_1_379' title='bbox 497 2122 755 2160; x_wconf 85' lang='lat' dir='ltr'>generosius</span> <span class='ocrx_word' id='word_1_380' title='bbox 783 2124 867 2160; x_wconf 79' lang='lat' dir='ltr'>est,</span> <span class='ocrx_word' id='word_1_381' title='bbox 896 2120 999 2159; x_wconf 89' lang='lat' dir='ltr'>quod</span> <span class='ocrx_word' id='word_1_382' title='bbox 1025 2119 1169 2150; x_wconf 83' lang='lat' dir='ltr'>socius</span> <span class='ocrx_word' id='word_1_383' title='bbox 1197 2118 1318 2148; x_wconf 89' lang='lat' dir='ltr'>socio</span> <span class='ocrx_word' id='word_1_384' title='bbox 1349 2127 1425 2147; x_wconf 93' lang='lat' dir='ltr'>non</span> <span class='ocrx_word' id='word_1_385' title='bbox 1455 2118 1691 2147; x_wconf 85' lang='lat' dir='ltr'>mentiatur.</span> <span class='ocrx_word' id='word_1_386' title='bbox 1729 2117 1787 2146; x_wconf 89' lang='lat' dir='ltr'>Ille</span> <span class='ocrx_word' id='word_1_387' title='bbox 1824 2121 1931 2146; x_wconf 86' lang='lat' dir='ltr'>antem</span> <span class='ocrx_word' id='word_1_388' title='bbox 1957 2121 2033 2146; x_wconf 87' lang='lat' dir='ltr'>ante</span> 
     </span>
     <span class='ocr_line' id='line_1_33' title="bbox 244 2177 2034 2222; baseline -0.001 -12"><span class='ocrx_word' id='word_1_389' title='bbox 244 2180 321 2210; x_wconf 80' lang='lat' dir='ltr'>alios</span> <span class='ocrx_word' id='word_1_390' title='bbox 346 2180 453 2213; x_wconf 70' lang='lat' dir='ltr'>,dictus</span> <span class='ocrx_word' id='word_1_391' title='bbox 479 2181 594 2220; x_wconf 81' lang='lat' dir='ltr'>Djamil</span> <span class='ocrx_word' id='word_1_392' title='bbox 622 2182 651 2210; x_wconf 90' lang='lat' dir='ltr'>b.</span> <span class='ocrx_word' id='word_1_393' title='bbox 679 2181 890 2212; x_wconf 86' lang='lat' dir='ltr'>Ahbd-Allah</span> <span class='ocrx_word' id='word_1_394' title='bbox 916 2182 984 2222; x_wconf 87' lang='lat' dir='ltr'>(De</span> <span class='ocrx_word' id='word_1_395' title='bbox 1011 2183 1073 2213; x_wconf 88' lang='lat' dir='ltr'>hoc</span> <span class='ocrx_word' id='word_1_396' title='bbox 1099 2186 1198 2222; x_wconf 86' lang='lat' dir='ltr'>poeta</span> <span class='ocrx_word' id='word_1_397' title='bbox 1225 2180 1336 2210; x_wconf 81' lang='lat' dir='ltr'>confer</span> <span class='ocrx_word' id='word_1_398' title='bbox 1364 2179 1659 2219; x_wconf 78' lang='lat' dir='ltr'>Citab-Alaghani)</span> <span class='ocrx_word' id='word_1_399' title='bbox 1695 2179 1822 2209; x_wconf 88' lang='lat' dir='ltr'>iuvenis</span> <span class='ocrx_word' id='word_1_400' title='bbox 1855 2189 1950 2218; x_wconf 87' lang='lat' dir='ltr'>quum</span> <span class='ocrx_word' id='word_1_401' title='bbox 1983 2177 2034 2209; x_wconf 79' lang='lat' dir='ltr'>fe-</span> 
     </span>
     <span class='ocr_line' id='line_1_34' title="bbox 243 2241 2033 2286; baseline 0 -16"><span class='ocrx_word' id='word_1_402' title='bbox 243 2241 358 2271; x_wconf 86' lang='lat' dir='ltr'>minam</span> <span class='ocrx_word' id='word_1_403' title='bbox 385 2242 570 2271; x_wconf 85' lang='lat' dir='ltr'>Batsnah</span> <span class='ocrx_word' id='word_1_404' title='bbox 597 2242 789 2281; x_wconf 82' lang='lat' dir='ltr'>appellatam</span> <span class='ocrx_word' id='word_1_405' title='bbox 816 2249 973 2286; x_wconf 80' lang='lat' dir='ltr'>amasset,</span> <span class='ocrx_word' id='word_1_406' title='bbox 1000 2254 1105 2276; x_wconf 85' lang='lat' dir='ltr'>senex</span> <span class='ocrx_word' id='word_1_407' title='bbox 1132 2254 1202 2274; x_wconf 89' lang='lat' dir='ltr'>eam</span> <span class='ocrx_word' id='word_1_408' title='bbox 1230 2244 1260 2273; x_wconf 91' lang='lat' dir='ltr'>in</span> <span class='ocrx_word' id='word_1_409' title='bbox 1289 2242 1519 2274; x_wconf 88' lang='lat' dir='ltr'>matrimonium</span> <span class='ocrx_word' id='word_1_410' title='bbox 1546 2241 1648 2281; x_wconf 88' lang='lat' dir='ltr'>petiit.</span> <span class='ocrx_word' id='word_1_411' title='bbox 1675 2243 1706 2272; x_wconf 84' lang='lat' dir='ltr'>A</span> <span class='ocrx_word' id='word_1_412' title='bbox 1725 2251 1786 2281; x_wconf 89' lang='lat' dir='ltr'>qua</span> <span class='ocrx_word' id='word_1_413' title='bbox 1805 2252 1899 2281; x_wconf 90' lang='lat' dir='ltr'>quum</span> <span class='ocrx_word' id='word_1_414' title='bbox 1927 2241 2033 2280; x_wconf 85' lang='lat' dir='ltr'>repel-</span> 
     </span>
     <span class='ocr_line' id='line_1_35' title="bbox 242 2303 2035 2345; baseline -0.001 -11"><span class='ocrx_word' id='word_1_415' title='bbox 242 2303 383 2342; x_wconf 87' lang='lat' dir='ltr'>leretur,</span> <span class='ocrx_word' id='word_1_416' title='bbox 421 2304 461 2334; x_wconf 89' lang='lat' dir='ltr'>ad</span> <span class='ocrx_word' id='word_1_417' title='bbox 489 2314 561 2335; x_wconf 89' lang='lat' dir='ltr'>eam</span> <span class='ocrx_word' id='word_1_418' title='bbox 590 2304 620 2333; x_wconf 90' lang='lat' dir='ltr'>in</span> <span class='ocrx_word' id='word_1_419' title='bbox 649 2306 782 2345; x_wconf 81' lang='lat' dir='ltr'>regione</span> <span class='ocrx_word' id='word_1_420' title='bbox 808 2305 1054 2336; x_wconf 76' lang='lat' dir='ltr'>Wadi-l’Kora</span> <span class='ocrx_word' id='word_1_421' title='bbox 1079 2306 1203 2344; x_wconf 82' lang='lat' dir='ltr'>(conf.</span> <span class='ocrx_word' id='word_1_422' title='bbox 1231 2306 1382 2336; x_wconf 79' lang='lat' dir='ltr'>Abulfed.</span> <span class='ocrx_word' id='word_1_423' title='bbox 1421 2315 1449 2344; x_wconf 90' lang='lat' dir='ltr'>p.</span> <span class='ocrx_word' id='word_1_424' title='bbox 1476 2310 1521 2343; x_wconf 66' lang='lat' dir='ltr'>w)</span> <span class='ocrx_word' id='word_1_425' title='bbox 1550 2305 1743 2336; x_wconf 86' lang='lat' dir='ltr'>habitantem</span> <span class='ocrx_word' id='word_1_426' title='bbox 1775 2310 1902 2334; x_wconf 74' lang='lat' dir='ltr'>secreto</span> <span class='ocrx_word' id='word_1_427' title='bbox 1938 2305 2035 2333; x_wconf 80' lang='lat' dir='ltr'>venit.</span> 
     </span>
     <span class='ocr_line' id='line_1_36' title="bbox 243 2357 2034 2408; baseline -0.001 -12"><span class='ocrx_word' id='word_1_428' title='bbox 243 2357 314 2404; x_wconf 65' lang='lat' dir='ltr'>[p-</span> <span class='ocrx_word' id='word_1_429' title='bbox 341 2360 478 2404; x_wconf 58' lang='lat'><strong>26⁰«)</strong></span> <span class='ocrx_word' id='word_1_430' title='bbox 497 2368 576 2397; x_wconf 80' lang='lat' dir='ltr'>Eius</span> <span class='ocrx_word' id='word_1_431' title='bbox 604 2372 710 2396; x_wconf 77' lang='lat' dir='ltr'>autern</span> <span class='ocrx_word' id='word_1_432' title='bbox 739 2367 855 2397; x_wconf 81' lang='lat' dir='ltr'>familia</span> <span class='ocrx_word' id='word_1_433' title='bbox 882 2373 1079 2408; x_wconf 85' lang='lat' dir='ltr'>congregata</span> <span class='ocrx_word' id='word_1_434' title='bbox 1106 2377 1232 2407; x_wconf 86' lang='lat' dir='ltr'>operam</span> <span class='ocrx_word' id='word_1_435' title='bbox 1261 2367 1359 2406; x_wconf 81' lang='lat' dir='ltr'>dedit,</span> <span class='ocrx_word' id='word_1_436' title='bbox 1388 2370 1422 2396; x_wconf 86' lang='lat' dir='ltr'>ut</span> <span class='ocrx_word' id='word_1_437' title='bbox 1443 2376 1514 2396; x_wconf 90' lang='lat' dir='ltr'>eum</span> <span class='ocrx_word' id='word_1_438' title='bbox 1532 2371 1679 2407; x_wconf 74' lang='lat' dir='ltr'>caperet3</span> <span class='ocrx_word' id='word_1_439' title='bbox 1709 2366 1767 2396; x_wconf 87' lang='lat' dir='ltr'>sed</span> <span class='ocrx_word' id='word_1_440' title='bbox 1783 2375 1820 2396; x_wconf 88' lang='lat' dir='ltr'>se</span> <span class='ocrx_word' id='word_1_441' title='bbox 1835 2364 2034 2395; x_wconf 72' lang='lat' dir='ltr'>abscondidit</span> 
     </span>
     <span class='ocr_line' id='line_1_37' title="bbox 243 2428 2033 2472; baseline -0.002 -12"><span class='ocrx_word' id='word_1_442' title='bbox 243 2430 371 2460; x_wconf 77' lang='lat' dir='ltr'>dicens:</span> <span class='ocrx_word' id='word_1_443' title='bbox 399 2428 506 2472; x_wconf 79' lang='lat' dir='ltr'>(metr.</span> <span class='ocrx_word' id='word_1_444' title='bbox 534 2428 676 2472; x_wconf 54' lang='lat' dir='ltr'>Thaini)</span> <span class='ocrx_word' id='word_1_445' title='bbox 705 2430 794 2460; x_wconf 80' lang='lat' dir='ltr'>Etsi</span> <span class='ocrx_word' id='word_1_446' title='bbox 822 2430 932 2459; x_wconf 87' lang='lat' dir='ltr'>mille</span> <span class='ocrx_word' id='word_1_447' title='bbox 959 2439 1100 2460; x_wconf 88' lang='lat' dir='ltr'>omnes</span> <span class='ocrx_word' id='word_1_448' title='bbox 1128 2429 1316 2469; x_wconf 86' lang='lat' dir='ltr'>zelotypi</span> <span class='ocrx_word' id='word_1_449' title='bbox 1344 2435 1385 2458; x_wconf 90' lang='lat' dir='ltr'>et</span> <span class='ocrx_word' id='word_1_450' title='bbox 1413 2434 1651 2469; x_wconf 81' lang='lat' dir='ltr'>pugnantes</span> <span class='ocrx_word' id='word_1_451' title='bbox 1678 2433 1719 2459; x_wconf 84' lang='lat' dir='ltr'>et</span> <span class='ocrx_word' id='word_1_452' title='bbox 1753 2432 1793 2458; x_wconf 88' lang='lat' dir='ltr'>ut</span> <span class='ocrx_word' id='word_1_453' title='bbox 1832 2436 1888 2456; x_wconf 87' lang='lat' dir='ltr'>me</span> <span class='ocrx_word' id='word_1_454' title='bbox 1923 2428 2033 2457; x_wconf 84' lang='lat' dir='ltr'>occi-</span> 
     </span>
    </p>
   </div>
   <div class='ocr_carea' id='block_1_6' title="bbox 260 2511 2033 2588">
    <p class='ocr_par' dir='ltr' id='par_1_6' title="bbox 260 2511 2033 2588">
     <span class='ocr_line' id='line_1_38' title="bbox 260 2511 2033 2544; baseline -0.002 -7"><span class='ocrx_word' id='word_1_455' title='bbox 260 2513 292 2543; x_wconf 75' lang='lat'>1)</span> <span class='ocrx_word' id='word_1_456' title='bbox 315 2513 361 2535; x_wconf 66' lang='lat' dir='ltr'>Vir</span> <span class='ocrx_word' id='word_1_457' title='bbox 379 2513 548 2536; x_wconf 58' lang='lat' dir='ltr'>doctissimus</span> <span class='ocrx_word' id='word_1_458' title='bbox 569 2513 662 2536; x_wconf 73' lang='lat' dir='ltr'>iudicis</span> <span class='ocrx_word' id='word_1_459' title='bbox 681 2519 776 2536; x_wconf 86' lang='lat' dir='ltr'>munus</span> <span class='ocrx_word' id='word_1_460' title='bbox 796 2512 820 2535; x_wconf 90' lang='lat' dir='ltr'>in</span> <span class='ocrx_word' id='word_1_461' title='bbox 841 2513 906 2536; x_wconf 85' lang='lat' dir='ltr'>urbe</span> <span class='ocrx_word' id='word_1_462' title='bbox 925 2513 1018 2535; x_wconf 73' lang='lat' dir='ltr'>Mecca</span> <span class='ocrx_word' id='word_1_463' title='bbox 1037 2511 1228 2536; x_wconf 71' lang='lat' dir='ltr'>administrans</span> <span class='ocrx_word' id='word_1_464' title='bbox 1246 2519 1318 2537; x_wconf 78' lang='lat' dir='ltr'>anno</span> <span class='ocrx_word' id='word_1_465' title='bbox 1336 2513 1391 2537; x_wconf 75' lang='lat'>266</span> <span class='ocrx_word' id='word_1_466' title='bbox 1412 2514 1485 2538; x_wconf 78' lang='lat' dir='ltr'>obiit.</span> <span class='ocrx_word' id='word_1_467' title='bbox 1528 2514 1602 2543; x_wconf 74' lang='lat' dir='ltr'>opus</span> <span class='ocrx_word' id='word_1_468' title='bbox 1627 2512 1851 2544; x_wconf 76' lang='lat' dir='ltr'>genealogiarum</span> <span class='ocrx_word' id='word_1_469' title='bbox 1868 2511 1956 2542; x_wconf 70' lang='lat' dir='ltr'>gentis</span> <span class='ocrx_word' id='word_1_470' title='bbox 1976 2512 2033 2534; x_wconf 74' lang='lat' dir='ltr'>Ko-</span> 
     </span>
     <span class='ocr_line' id='line_1_39' title="bbox 307 2557 939 2588; baseline 0 -7"><span class='ocrx_word' id='word_1_471' title='bbox 307 2557 395 2581; x_wconf 70' lang='lat' dir='ltr'>raisch</span> <span class='ocrx_word' id='word_1_472' title='bbox 414 2559 571 2588; x_wconf 78' lang='lat' dir='ltr'>composuit.</span> <span class='ocrx_word' id='word_1_473' title='bbox 591 2557 790 2582; x_wconf 62' lang='lat' dir='ltr'>Ebu-channa.</span> <span class='ocrx_word' id='word_1_474' title='bbox 806 2558 856 2582; x_wconf 77' lang='lat' dir='ltr'>No.</span> <span class='ocrx_word' id='word_1_475' title='bbox 875 2558 939 2581; x_wconf 80' lang='lat'><strong>2³9.</strong></span> 
     </span>
    </p>
   </div>
  </div>
 </body>
</html>
