<?xml version="1.0" encoding="UTF-8"?>
<!DOCTYPE html PUBLIC "-//W3C//DTD XHTML 1.0 Transitional//EN"
    "http://www.w3.org/TR/xhtml1/DTD/xhtml1-transitional.dtd">
<html xmlns="http://www.w3.org/1999/xhtml" xml:lang="en" lang="en">
 <head>
  <title>
</title>
<meta http-equiv="Content-Type" content="text/html;charset=utf-8" />
  <meta name='ocr-system' content='tesseract 3.04.00' />
  <meta name='ocr-capabilities' content='ocr_page ocr_carea ocr_par ocr_line ocrx_word'/>
</head>
<body>
  <div class='ocr_page' id='page_1' title='image "./p1hamassaecarmin02abbiuoft_0350.png"; bbox 0 0 2247 2865; ppageno 0'>
   <div class='ocr_carea' id='block_1_1' title="bbox 994 104 1260 138">
    <p class='ocr_par' dir='ltr' id='par_1_1' title="bbox 994 104 1260 138">
     <span class='ocr_line' id='line_1_1' title="bbox 994 104 1260 138; baseline 0.004 -1"><span class='ocrx_word' id='word_1_1' title='bbox 994 124 1039 131; x_wconf 83' lang='lat'>-</span> <span class='ocrx_word' id='word_1_2' title='bbox 1084 104 1163 138; x_wconf 72' lang='lat'><strong>-314</strong></span> <span class='ocrx_word' id='word_1_3' title='bbox 1216 125 1260 131; x_wconf 77' lang='grc'><strong>.-</strong></span> 
     </span>
    </p>
   </div>
   <div class='ocr_carea' id='block_1_2' title="bbox 224 206 2037 874">
    <p class='ocr_par' dir='ltr' id='par_1_2' title="bbox 230 206 2024 298">
     <span class='ocr_line' id='line_1_2' title="bbox 230 206 2024 244; baseline -0.001 -8"><span class='ocrx_word' id='word_1_4' title='bbox 230 207 265 236; x_wconf 84' lang='lat'><strong>3.</strong></span> <span class='ocrx_word' id='word_1_5' title='bbox 288 206 382 243; x_wconf 76' lang='lat' dir='ltr'><em>Quod</em></span> <span class='ocrx_word' id='word_1_6' title='bbox 403 209 433 236; x_wconf 75' lang='lat' dir='ltr'><strong>si</strong></span> <span class='ocrx_word' id='word_1_7' title='bbox 453 209 486 236; x_wconf 81' lang='lat' dir='ltr'><strong>in</strong></span> <span class='ocrx_word' id='word_1_8' title='bbox 504 210 598 244; x_wconf 71' lang='lat' dir='ltr'><strong>yente</strong></span> <span class='ocrx_word' id='word_1_9' title='bbox 618 207 715 243; x_wconf 72' lang='lat' dir='ltr'><strong>deyis.</strong></span> <span class='ocrx_word' id='word_1_10' title='bbox 741 216 757 234; x_wconf 81' lang='lat' dir='ltr'><strong>e</strong></span> <span class='ocrx_word' id='word_1_11' title='bbox 779 207 868 235; x_wconf 78' lang='lat' dir='ltr'><strong>cuius</strong></span> <span class='ocrx_word' id='word_1_12' title='bbox 892 214 1024 233; x_wconf 78' lang='lat' dir='ltr'><strong>numero</strong></span> <span class='ocrx_word' id='word_1_13' title='bbox 1045 208 1079 233; x_wconf 77' lang='lat' dir='ltr'><strong>tu</strong></span> <span class='ocrx_word' id='word_1_14' title='bbox 1102 214 1164 234; x_wconf 85' lang='lat' dir='ltr'><strong>mm</strong></span> <span class='ocrx_word' id='word_1_15' title='bbox 1186 215 1230 240; x_wconf 77' lang='lat' dir='ltr'><strong>es,</strong></span> <span class='ocrx_word' id='word_1_16' title='bbox 1256 208 1318 234; x_wconf 77' lang='lat' dir='ltr'><strong>Iam</strong></span> <span class='ocrx_word' id='word_1_17' title='bbox 1339 215 1472 243; x_wconf 71' lang='lat' dir='ltr'><strong>prat-um</strong></span> <span class='ocrx_word' id='word_1_18' title='bbox 1495 214 1588 244; x_wconf 80' lang='lat' dir='ltr'><strong>qnam</strong></span> <span class='ocrx_word' id='word_1_19' title='bbox 1611 206 1741 239; x_wconf 73' lang='lat' dir='ltr'><strong>bonum,</strong></span> <span class='ocrx_word' id='word_1_20' title='bbox 1767 206 1852 244; x_wconf 68' lang='lat' dir='ltr'><strong>qrcod</strong></span> <span class='ocrx_word' id='word_1_21' title='bbox 1871 206 1926 234; x_wconf 71' lang='lat' dir='ltr'><strong>tibi</strong></span> <span class='ocrx_word' id='word_1_22' title='bbox 1938 215 2024 243; x_wconf 72' lang='lat' dir='ltr'><strong>&#39;pm-&#39;-</strong></span> 
     </span>
     <span class='ocr_line' id='line_1_3' title="bbox 1021 259 1249 298; baseline 0.009 -11"><span class='ocrx_word' id='word_1_23' title='bbox 1021 260 1147 298; x_wconf 73' lang='lat' dir='ltr'><strong>riyitur,</strong></span> <span class='ocrx_word' id='word_1_24' title='bbox 1171 259 1249 289; x_wconf 85' lang='lat' dir='ltr'><strong>ede!</strong></span> 
     </span>
    </p>

    <p class='ocr_par' dir='ltr' id='par_1_3' title="bbox 224 320 2037 874">
     <span class='ocr_line' id='line_1_4' title="bbox 329 320 2026 372; baseline 0.001 -14"><span class='ocrx_word' id='word_1_25' title='bbox 329 329 362 358; x_wconf 89' lang='lat' dir='ltr'><strong>ln</strong></span> <span class='ocrx_word' id='word_1_26' title='bbox 390 329 491 360; x_wconf 85' lang='lat' dir='ltr'><strong>hocce</strong></span> <span class='ocrx_word' id='word_1_27' title='bbox 518 339 617 359; x_wconf 87' lang='lat' dir='ltr'><strong>versu</strong></span> <span class='ocrx_word' id='word_1_28' title='bbox 646 329 729 369; x_wconf 58' lang='lat' dir='ltr'><strong>eiusy</strong></span> <span class='ocrx_word' id='word_1_29' title='bbox 757 320 840 367; x_wconf 51' lang='lat' dir='ltr'><strong>duod</strong></span> <span class='ocrx_word' id='word_1_30' title='bbox 870 328 1006 366; x_wconf 82' lang='lat' dir='ltr'>dixerat,</span> <span class='ocrx_word' id='word_1_31' title='bbox 1035 335 1260 370; x_wconf 84' lang='lat' dir='ltr'><strong>argumentum</strong></span> <span class='ocrx_word' id='word_1_32' title='bbox 1286 330 1425 369; x_wconf 84' lang='lat' dir='ltr'><strong>protulit.</strong></span> <span class='ocrx_word' id='word_1_33' title='bbox 1464 331 1525 368; x_wconf 83' lang='lat' dir='ltr'><strong>Qui</strong></span> <span class='ocrx_word' id='word_1_34' title='bbox 1548 334 1631 361; x_wconf 87' lang='lat' dir='ltr'><strong>iuter</strong></span> <span class='ocrx_word' id='word_1_35' title='bbox 1654 331 1845 372; x_wconf 83' lang='lat' dir='ltr'><strong>peregrinos</strong></span> <span class='ocrx_word' id='word_1_36' title='bbox 1864 335 2026 370; x_wconf 74' lang='lat' dir='ltr'>versetur,</span> 
     </span>
     <span class='ocr_line' id='line_1_5' title="bbox 231 391 2037 433; baseline -0.001 -11"><span class='ocrx_word' id='word_1_37' title='bbox 231 401 336 423; x_wconf 87' lang='lat' dir='ltr'><strong>eorum</strong></span> <span class='ocrx_word' id='word_1_38' title='bbox 363 393 531 431; x_wconf 81' lang='lat' dir='ltr'><strong>voluntati,</strong></span> <span class='ocrx_word' id='word_1_39' title='bbox 559 403 651 433; x_wconf 89' lang='lat' dir='ltr'><strong>quum</strong></span> <span class='ocrx_word' id='word_1_40' title='bbox 679 401 772 422; x_wconf 88' lang='lat' dir='ltr'><strong>nemo</strong></span> <span class='ocrx_word' id='word_1_41' title='bbox 800 397 910 422; x_wconf 86' lang='lat' dir='ltr'><strong>contra</strong></span> <span class='ocrx_word' id='word_1_42' title='bbox 934 391 1064 421; x_wconf 86' lang='lat' dir='ltr'><strong>iniurias</strong></span> <span class='ocrx_word' id='word_1_43' title='bbox 1093 401 1165 420; x_wconf 88' lang='lat' dir='ltr'><strong>eum</strong></span> <span class='ocrx_word' id='word_1_44' title='bbox 1193 395 1333 431; x_wconf 77' lang='lat' dir='ltr'><strong>tueatur,</strong></span> <span class='ocrx_word' id='word_1_45' title='bbox 1362 393 1484 421; x_wconf 89' lang='lat' dir='ltr'><strong>omnino</strong></span> <span class='ocrx_word' id='word_1_46' title='bbox 1512 393 1691 422; x_wconf 88' lang='lat' dir='ltr'><strong>subiectum</strong></span> <span class='ocrx_word' id='word_1_47' title='bbox 1719 402 1808 422; x_wconf 87' lang='lat' dir='ltr'><strong>esse.</strong></span> <span class='ocrx_word' id='word_1_48' title='bbox 1837 391 2037 421; x_wconf 76' lang='lat' dir='ltr'><strong>Prudentiae·</strong></span> 
     </span>
     <span class='ocr_line' id='line_1_6' title="bbox 230 451 2025 494; baseline -0.001 -12"><span class='ocrx_word' id='word_1_49' title='bbox 230 454 327 494; x_wconf 85' lang='lat' dir='ltr'><strong>igitur</strong></span> <span class='ocrx_word' id='word_1_50' title='bbox 353 463 429 484; x_wconf 87' lang='lat' dir='ltr'><strong>esse</strong></span> <span class='ocrx_word' id='word_1_51' title='bbox 456 455 571 489; x_wconf 48' lang='lat' dir='ltr'><strong>omnia2</strong></span> <span class='ocrx_word' id='word_1_52' title='bbox 601 464 683 494; x_wconf 89' lang='lat' dir='ltr'><strong>quae</strong></span> <span class='ocrx_word' id='word_1_53' title='bbox 711 453 771 492; x_wconf 89' lang='lat' dir='ltr'><strong>ipsi</strong></span> <span class='ocrx_word' id='word_1_54' title='bbox 801 453 977 492; x_wconf 84' lang='lat' dir='ltr'><strong>porrecturi</strong></span> <span class='ocrx_word' id='word_1_55' title='bbox 1004 452 1080 493; x_wconf 74' lang='lat' dir='ltr'><strong>sint,</strong></span> <span class='ocrx_word' id='word_1_56' title='bbox 1109 452 1182 482; x_wconf 83' lang='lat' dir='ltr'><strong>sive</strong></span> <span class='ocrx_word' id='word_1_57' title='bbox 1209 452 1289 483; x_wconf 88' lang='lat' dir='ltr'><strong>bona</strong></span> <span class='ocrx_word' id='word_1_58' title='bbox 1317 455 1388 484; x_wconf 80' lang='lat' dir='ltr'><strong>sive</strong></span> <span class='ocrx_word' id='word_1_59' title='bbox 1414 454 1495 484; x_wconf 83' lang='lat' dir='ltr'><strong>mala</strong></span> <span class='ocrx_word' id='word_1_60' title='bbox 1522 455 1597 492; x_wconf 82' lang='lat' dir='ltr'><strong>siut,</strong></span> <span class='ocrx_word' id='word_1_61' title='bbox 1624 455 1780 494; x_wconf 87' lang='lat' dir='ltr'><strong>accipere.</strong></span> <span class='ocrx_word' id='word_1_62' title='bbox 1810 454 1903 484; x_wconf 83' lang='lat' dir='ltr'>Voce</span> <span class='ocrx_word' id='word_1_63' title='bbox 1917 451 2025 490; x_wconf 39' lang='lat' dir='ltr'><strong>Usila,</strong></span> 
     </span>
     <span class='ocr_line' id='line_1_7' title="bbox 230 515 2025 557; baseline 0 -12"><span class='ocrx_word' id='word_1_64' title='bbox 230 525 312 555; x_wconf 81' lang='lat' dir='ltr'><strong>quae</strong></span> <span class='ocrx_word' id='word_1_65' title='bbox 342 517 372 545; x_wconf 91' lang='lat' dir='ltr'><strong>in</strong></span> <span class='ocrx_word' id='word_1_66' title='bbox 400 517 512 555; x_wconf 91' lang='lat' dir='ltr'><strong>pabulo</strong></span> <span class='ocrx_word' id='word_1_67' title='bbox 539 519 750 546; x_wconf 87' lang='lat' dir='ltr'><strong>iumentorum</strong></span> <span class='ocrx_word' id='word_1_68' title='bbox 780 516 984 556; x_wconf 83' lang='lat' dir='ltr'><strong>adhibeatur,</strong></span> <span class='ocrx_word' id='word_1_69' title='bbox 1023 525 1041 545; x_wconf 90' lang='lat' dir='ltr'><strong>a</strong></span> <span class='ocrx_word' id='word_1_70' title='bbox 1073 520 1170 555; x_wconf 90' lang='lat' dir='ltr'><strong>poeta</strong></span> <span class='ocrx_word' id='word_1_71' title='bbox 1201 515 1349 545; x_wconf 87' lang='lat' dir='ltr'><strong>videmus</strong></span> <span class='ocrx_word' id='word_1_72' title='bbox 1383 521 1596 555; x_wconf 87' lang='lat' dir='ltr'><strong>comparatum</strong></span> <span class='ocrx_word' id='word_1_73' title='bbox 1635 526 1711 546; x_wconf 86' lang='lat' dir='ltr'><strong>esse</strong></span> <span class='ocrx_word' id='word_1_74' title='bbox 1739 526 1824 557; x_wconf 67' lang='lat' dir='ltr'><strong>eum7</strong></span> <span class='ocrx_word' id='word_1_75' title='bbox 1863 516 1915 556; x_wconf 92' lang='lat' dir='ltr'><strong>qui</strong></span> <span class='ocrx_word' id='word_1_76' title='bbox 1944 516 2025 545; x_wconf 86' lang='lat' dir='ltr'><strong>inter</strong></span> 
     </span>
     <span class='ocr_line' id='line_1_8' title="bbox 229 578 2024 620; baseline 0 -13"><span class='ocrx_word' id='word_1_77' title='bbox 229 579 416 620; x_wconf 84' lang='lat' dir='ltr'><strong>peregrinos</strong></span> <span class='ocrx_word' id='word_1_78' title='bbox 444 585 593 609; x_wconf 81' lang='lat' dir='ltr'><strong>versatur</strong></span> <span class='ocrx_word' id='word_1_79' title='bbox 620 589 689 609; x_wconf 88' lang='lat' dir='ltr'><strong>cum</strong></span> <span class='ocrx_word' id='word_1_80' title='bbox 719 580 877 619; x_wconf 54' lang='lat' dir='ltr'><strong>iumenta.</strong></span> <span class='ocrx_word' id='word_1_81' title='bbox 914 579 996 617; x_wconf 86' lang='lat' dir='ltr'><strong>quod</strong></span> <span class='ocrx_word' id='word_1_82' title='bbox 1024 578 1161 618; x_wconf 74' lang='lat' dir='ltr'><strong>pabu10‚</strong></span> <span class='ocrx_word' id='word_1_83' title='bbox 1189 578 1271 616; x_wconf 85' lang='lat' dir='ltr'><strong>quod</strong></span> <span class='ocrx_word' id='word_1_84' title='bbox 1299 579 1492 619; x_wconf 63' lang='lat' dir='ltr'><strong>porrigitur7</strong></span> <span class='ocrx_word' id='word_1_85' title='bbox 1527 589 1588 608; x_wconf 91' lang='lat' dir='ltr'><strong>non</strong></span> <span class='ocrx_word' id='word_1_86' title='bbox 1615 584 1726 618; x_wconf 86' lang='lat' dir='ltr'><strong>potest</strong></span> <span class='ocrx_word' id='word_1_87' title='bbox 1753 589 1814 608; x_wconf 87' lang='lat' dir='ltr'><strong>non</strong></span> <span class='ocrx_word' id='word_1_88' title='bbox 1843 582 2024 609; x_wconf 87' lang='lat' dir='ltr'><strong>contentum</strong></span> 
     </span>
     <span class='ocr_line' id='line_1_9' title="bbox 229 638 2023 681; baseline -0.001 -11"><span class='ocrx_word' id='word_1_89' title='bbox 229 650 315 670; x_wconf 86' lang='lat' dir='ltr'><strong>esse.</strong></span> <span class='ocrx_word' id='word_1_90' title='bbox 363 641 483 670; x_wconf 85' lang='lat' dir='ltr'><strong>Poetae</strong></span> <span class='ocrx_word' id='word_1_91' title='bbox 511 641 802 681; x_wconf 79' lang='lat' dir='ltr'><strong>comparationem,</strong></span> <span class='ocrx_word' id='word_1_92' title='bbox 841 640 964 669; x_wconf 89' lang='lat' dir='ltr'><strong>nonnisi</strong></span> <span class='ocrx_word' id='word_1_93' title='bbox 992 639 1130 670; x_wconf 85' lang='lat' dir='ltr'><strong>adhibita</strong></span> <span class='ocrx_word' id='word_1_94' title='bbox 1156 649 1220 669; x_wconf 89' lang='lat' dir='ltr'><strong>una</strong></span> <span class='ocrx_word' id='word_1_95' title='bbox 1246 645 1301 669; x_wconf 88' lang='lat' dir='ltr'><strong>aut</strong></span> <span class='ocrx_word' id='word_1_96' title='bbox 1328 640 1430 670; x_wconf 86' lang='lat' dir='ltr'><strong>altera</strong></span> <span class='ocrx_word' id='word_1_97' title='bbox 1456 650 1560 678; x_wconf 86' lang='lat' dir='ltr'><strong>voce,</strong></span> <span class='ocrx_word' id='word_1_98' title='bbox 1591 641 1746 671; x_wconf 81' lang='lat' dir='ltr'><strong>interdum</strong></span> <span class='ocrx_word' id='word_1_99' title='bbox 1775 641 1913 670; x_wconf 81' lang='lat' dir='ltr'><strong>obscure</strong></span> <span class='ocrx_word' id='word_1_100' title='bbox 1941 638 2023 669; x_wconf 86' lang='lat' dir='ltr'><strong>indi-</strong></span> 
     </span>
     <span class='ocr_line' id='line_1_10' title="bbox 226 699 2021 744; baseline -0.002 -12"><span class='ocrx_word' id='word_1_101' title='bbox 226 713 302 733; x_wconf 83' lang='lat' dir='ltr'><strong>care</strong></span> <span class='ocrx_word' id='word_1_102' title='bbox 329 703 431 733; x_wconf 85' lang='lat' dir='ltr'><strong>solent</strong></span> <span class='ocrx_word' id='word_1_103' title='bbox 459 699 567 734; x_wconf 84' lang='lat' dir='ltr'><strong>conf.</strong></span> <span class='ocrx_word' id='word_1_104' title='bbox 594 705 759 734; x_wconf 88' lang='lat' dir='ltr'>Hamas.</span> <span class='ocrx_word' id='word_1_105' title='bbox 789 715 818 744; x_wconf 92' lang='lat' dir='ltr'><strong>p.</strong></span> <span class='ocrx_word' id='word_1_106' title='bbox 848 705 881 734; x_wconf 65' lang='lat' dir='ltr'><strong>W*</strong></span> <span class='ocrx_word' id='word_1_107' title='bbox 909 714 941 733; x_wconf 87' lang='lat' dir='ltr'><strong>v.</strong></span> <span class='ocrx_word' id='word_1_108' title='bbox 973 704 1003 733; x_wconf 91' lang='lat'><strong>1.</strong></span> <span class='ocrx_word' id='word_1_109' title='bbox 1055 703 1143 733; x_wconf 90' lang='lat' dir='ltr'><strong>Loco</strong></span> <span class='ocrx_word' id='word_1_110' title='bbox 1172 701 1361 733; x_wconf 81' lang='lat' dir='ltr'><strong>hemistichii</strong></span> <span class='ocrx_word' id='word_1_111' title='bbox 1388 702 1501 742; x_wconf 89' lang='lat' dir='ltr'><strong>prioris</strong></span> <span class='ocrx_word' id='word_1_112' title='bbox 1525 703 1644 744; x_wconf 85' lang='lat' dir='ltr'><strong>legitur</strong></span> <span class='ocrx_word' id='word_1_113' title='bbox 1661 711 1803 742; x_wconf 85' lang='lat' dir='ltr'><strong>quoque:</strong></span> <span class='ocrx_word' id='word_1_114' title='bbox 1834 700 1957 739; x_wconf 49' lang='grc' dir='ltr'><strong>ἅψις</strong></span> <span class='ocrx_word' id='word_1_115' title='bbox 1980 699 2021 728; x_wconf 59' lang='lat' dir='ltr'><strong>idi</strong></span> 
     </span>
     <span class='ocr_line' id='line_1_11' title="bbox 227 763 2022 812; baseline -0.003 -14"><span class='ocrx_word' id='word_1_116' title='bbox 227 770 300 808; x_wconf 52' lang='grc' dir='ltr'><strong>Ι-ζλα</strong></span> <span class='ocrx_word' id='word_1_117' title='bbox 327 763 417 798; x_wconf 54' lang='grc' dir='ltr'><em>Μ</em></span> <span class='ocrx_word' id='word_1_118' title='bbox 444 770 535 805; x_wconf 58' lang='lat'><strong>&amp;0⁸2</strong></span> <span class='ocrx_word' id='word_1_119' title='bbox 563 769 612 812; x_wconf 44' lang='grc' dir='ltr'><strong>βό</strong></span> <span class='ocrx_word' id='word_1_120' title='bbox 644 765 765 804; x_wconf 86' lang='lat' dir='ltr'><strong>»Quum</strong></span> <span class='ocrx_word' id='word_1_121' title='bbox 797 767 826 796; x_wconf 88' lang='lat' dir='ltr'><strong>in</strong></span> <span class='ocrx_word' id='word_1_122' title='bbox 854 770 953 807; x_wconf 86' lang='lat' dir='ltr'><strong>gente</strong></span> <span class='ocrx_word' id='word_1_123' title='bbox 986 766 1110 796; x_wconf 87' lang='lat' dir='ltr'><strong>inimica</strong></span> <span class='ocrx_word' id='word_1_124' title='bbox 1145 767 1310 806; x_wconf 52' lang='lat' dir='ltr'><strong>versaris&gt;</strong></span> <span class='ocrx_word' id='word_1_125' title='bbox 1348 774 1366 794; x_wconf 87' lang='lat' dir='ltr'><strong>e</strong></span> <span class='ocrx_word' id='word_1_126' title='bbox 1401 765 1491 795; x_wconf 89' lang='lat' dir='ltr'><strong>cuius</strong></span> <span class='ocrx_word' id='word_1_127' title='bbox 1525 774 1656 794; x_wconf 90' lang='lat' dir='ltr'><strong>numero</strong></span> <span class='ocrx_word' id='word_1_128' title='bbox 1697 774 1758 794; x_wconf 89' lang='lat' dir='ltr'><strong>non</strong></span> <span class='ocrx_word' id='word_1_129' title='bbox 1791 768 1884 794; x_wconf 79' lang='lat' dir='ltr'><strong>es.«&#39;</strong></span> <span class='ocrx_word' id='word_1_130' title='bbox 1914 764 2022 794; x_wconf 84' lang='lat' dir='ltr'><strong>Verba</strong></span> 
     </span>
     <span class='ocr_line' id='line_1_12' title="bbox 224 826 2021 874; baseline -0.002 -16"><span class='ocrx_word' id='word_1_131' title='bbox 224 833 332 858; x_wconf 87' lang='lat' dir='ltr'><strong>autem</strong></span> <span class='ocrx_word' id='word_1_132' title='bbox 360 834 433 874; x_wconf 34' lang='grc' dir='ltr'><strong>ἵκῃ-λα</strong></span> <span class='ocrx_word' id='word_1_133' title='bbox 460 827 549 862; x_wconf 51' lang='grc' dir='ltr'><strong>ψκό</strong></span> <span class='ocrx_word' id='word_1_134' title='bbox 579 830 686 858; x_wconf 81' lang='lat' dir='ltr'><strong>verbis</strong></span> <span class='ocrx_word' id='word_1_135' title='bbox 715 829 807 874; x_wconf 42' lang='grc' dir='ltr'><strong>βψς-,9</strong></span> <span class='ocrx_word' id='word_1_136' title='bbox 833 831 924 871; x_wconf 41' lang='lat' dir='ltr'><strong>&amp;dag-&#39;v&#39;</strong></span> <span class='ocrx_word' id='word_1_137' title='bbox 947 826 966 856; x_wconf 60' lang='lat' dir='ltr'><strong>*b</strong></span> <span class='ocrx_word' id='word_1_138' title='bbox 999 837 1154 867; x_wconf 77' lang='lat' dir='ltr'><strong>»quorum</strong></span> <span class='ocrx_word' id='word_1_139' title='bbox 1182 827 1407 867; x_wconf 80' lang='lat' dir='ltr'><strong>cupiditatibus</strong></span> <span class='ocrx_word' id='word_1_140' title='bbox 1434 828 1584 866; x_wconf 87' lang='lat' dir='ltr'><strong>impletus</strong></span> <span class='ocrx_word' id='word_1_141' title='bbox 1612 837 1673 857; x_wconf 89' lang='lat' dir='ltr'><strong>non</strong></span> <span class='ocrx_word' id='word_1_142' title='bbox 1701 837 1759 856; x_wconf 74' lang='lat' dir='ltr'><strong>esu</strong></span> <span class='ocrx_word' id='word_1_143' title='bbox 1790 827 1810 858; x_wconf 83' lang='lat' dir='ltr'><strong>i.</strong></span> <span class='ocrx_word' id='word_1_144' title='bbox 1830 838 1858 868; x_wconf 53' lang='lat' dir='ltr'><strong>e:</strong></span> <span class='ocrx_word' id='word_1_145' title='bbox 1887 828 2021 866; x_wconf 83' lang='lat' dir='ltr'><strong>quibus-</strong></span> 
     </span>
    </p>
   </div>
   <div class='ocr_carea' id='block_1_3' title="bbox 224 890 1269 931">
    <p class='ocr_par' dir='ltr' id='par_1_4' title="bbox 224 890 1269 931">
     <span class='ocr_line' id='line_1_13' title="bbox 224 890 1269 931; baseline -0.002 -11"><span class='ocrx_word' id='word_1_146' title='bbox 224 900 296 920; x_wconf 89' lang='lat' dir='ltr'><strong>cum</strong></span> <span class='ocrx_word' id='word_1_147' title='bbox 328 892 359 920; x_wconf 90' lang='lat' dir='ltr'><strong>in</strong></span> <span class='ocrx_word' id='word_1_148' title='bbox 385 890 543 920; x_wconf 87' lang='lat' dir='ltr'><strong>sentiendi</strong></span> <span class='ocrx_word' id='word_1_149' title='bbox 569 891 691 921; x_wconf 86' lang='lat' dir='ltr'><strong>ratione</strong></span> <span class='ocrx_word' id='word_1_150' title='bbox 719 891 803 921; x_wconf 86' lang='lat' dir='ltr'><strong>haud</strong></span> <span class='ocrx_word' id='word_1_151' title='bbox 830 891 1033 931; x_wconf 79' lang='lat' dir='ltr'><strong>consentiris,</strong></span> <span class='ocrx_word' id='word_1_152' title='bbox 1060 890 1269 920; x_wconf 82' lang='lat' dir='ltr'><strong>illustrantur.</strong></span> 
     </span>
    </p>
   </div>
   <div class='ocr_carea' id='block_1_4' title="bbox 656 997 1592 1106">
    <p class='ocr_par' dir='ltr' id='par_1_5' title="bbox 656 997 1592 1106">
     <span class='ocr_line' id='line_1_14' title="bbox 1008 997 1235 1031; baseline -0.004 0"><span class='ocrx_word' id='word_1_153' title='bbox 1008 997 1235 1031; x_wconf 77' lang='lat' dir='ltr'><strong>cxxnl.</strong></span> 
     </span>
     <span class='ocr_line' id='line_1_15' title="bbox 656 1063 1592 1106; baseline -0.002 -9"><span class='ocrx_word' id='word_1_154' title='bbox 656 1063 798 1098; x_wconf 77' lang='lat' dir='ltr'><strong>Dixit</strong></span> <span class='ocrx_word' id='word_1_155' title='bbox 817 1064 1030 1106; x_wconf 67' lang='lat' dir='ltr'><strong>,llborclj</strong></span> <span class='ocrx_word' id='word_1_156' title='bbox 1059 1064 1105 1097; x_wconf 77' lang='lat' dir='ltr'><strong>b.</strong></span> <span class='ocrx_word' id='word_1_157' title='bbox 1128 1063 1323 1097; x_wconf 66' lang='lat' dir='ltr'><strong>Rloshir</strong></span> <span class='ocrx_word' id='word_1_158' title='bbox 1346 1063 1592 1106; x_wconf 70' lang='lat' dir='ltr'><strong>Tlnajjna.</strong></span> 
     </span>
    </p>
   </div>
   <div class='ocr_carea' id='block_1_5' title="bbox 219 1134 2018 1316">
    <p class='ocr_par' dir='ltr' id='par_1_6' title="bbox 219 1134 2018 1316">
     <span class='ocr_line' id='line_1_16' title="bbox 319 1134 2018 1177; baseline -0.002 -11"><span class='ocrx_word' id='word_1_159' title='bbox 319 1135 572 1177; x_wconf 77' lang='lat' dir='ltr'><strong>Abu—Hilalus,</strong></span> <span class='ocrx_word' id='word_1_160' title='bbox 607 1137 760 1177; x_wconf 83' lang='lat' dir='ltr'><strong>originem</strong></span> <span class='ocrx_word' id='word_1_161' title='bbox 799 1137 870 1166; x_wconf 89' lang='lat' dir='ltr'><strong>eius</strong></span> <span class='ocrx_word' id='word_1_162' title='bbox 906 1136 1047 1176; x_wconf 89' lang='lat' dir='ltr'><strong>pluribus</strong></span> <span class='ocrx_word' id='word_1_163' title='bbox 1083 1136 1285 1175; x_wconf 85' lang='lat' dir='ltr'><strong>describens,</strong></span> <span class='ocrx_word' id='word_1_164' title='bbox 1322 1145 1393 1165; x_wconf 89' lang='lat' dir='ltr'><strong>eum</strong></span> <span class='ocrx_word' id='word_1_165' title='bbox 1421 1136 1504 1165; x_wconf 88' lang='lat' dir='ltr'><strong>inter</strong></span> <span class='ocrx_word' id='word_1_166' title='bbox 1531 1135 1674 1166; x_wconf 86' lang='lat' dir='ltr'><strong>Calbitas</strong></span> <span class='ocrx_word' id='word_1_167' title='bbox 1701 1140 1852 1175; x_wconf 86' lang='lat' dir='ltr'><strong>tanquam</strong></span> <span class='ocrx_word' id='word_1_168' title='bbox 1881 1134 2018 1165; x_wconf 87' lang='lat' dir='ltr'><strong>vicinum</strong></span> 
     </span>
     <span class='ocr_line' id='line_1_17' title="bbox 220 1196 2016 1240; baseline 0 -14"><span class='ocrx_word' id='word_1_169' title='bbox 220 1196 373 1238; x_wconf 79' lang='lat' dir='ltr'><strong>degisse3</strong></span> <span class='ocrx_word' id='word_1_170' title='bbox 405 1199 465 1228; x_wconf 90' lang='lat' dir='ltr'><strong>sed</strong></span> <span class='ocrx_word' id='word_1_171' title='bbox 492 1209 562 1229; x_wconf 88' lang='lat' dir='ltr'><strong>eam</strong></span> <span class='ocrx_word' id='word_1_172' title='bbox 590 1205 721 1240; x_wconf 83' lang='lat' dir='ltr'><strong>gentem</strong></span> <span class='ocrx_word' id='word_1_173' title='bbox 747 1208 809 1228; x_wconf 91' lang='lat' dir='ltr'><strong>non</strong></span> <span class='ocrx_word' id='word_1_174' title='bbox 837 1199 990 1229; x_wconf 82' lang='lat' dir='ltr'><strong>laudasse</strong></span> <span class='ocrx_word' id='word_1_175' title='bbox 1007 1200 1099 1230; x_wconf 89' lang='lat' dir='ltr'><strong>dixit.</strong></span> <span class='ocrx_word' id='word_1_176' title='bbox 1127 1201 1238 1230; x_wconf 86' lang='lat' dir='ltr'><strong>Senex</strong></span> <span class='ocrx_word' id='word_1_177' title='bbox 1254 1205 1399 1238; x_wconf 89' lang='lat' dir='ltr'><strong>tempore</strong></span> <span class='ocrx_word' id='word_1_178' title='bbox 1416 1202 1488 1228; x_wconf 86' lang='lat' dir='ltr'><strong>ante</strong></span> <span class='ocrx_word' id='word_1_179' title='bbox 1502 1198 1651 1228; x_wconf 85' lang='lat' dir='ltr'><strong>lslamum</strong></span> <span class='ocrx_word' id='word_1_180' title='bbox 1667 1203 1745 1228; x_wconf 83' lang='lat' dir='ltr'><strong>erat.</strong></span> <span class='ocrx_word' id='word_1_181' title='bbox 1775 1198 2016 1230; x_wconf 81' lang='lat' dir='ltr'><strong>Grammaticus</strong></span> 
     </span>
     <span class='ocr_line' id='line_1_18' title="bbox 219 1258 2016 1316; baseline -0.001 -27"><span class='ocrx_word' id='word_1_182' title='bbox 219 1259 421 1291; x_wconf 84' lang='lat' dir='ltr'><strong>Abu-l&#39;Fath</strong></span> <span class='ocrx_word' id='word_1_183' title='bbox 449 1262 478 1291; x_wconf 90' lang='lat' dir='ltr'><strong>in</strong></span> <span class='ocrx_word' id='word_1_184' title='bbox 507 1271 558 1303; x_wconf 72' lang='lat' dir='ltr'><strong>ee,</strong></span> <span class='ocrx_word' id='word_1_185' title='bbox 588 1262 671 1301; x_wconf 85' lang='lat' dir='ltr'><strong>quod</strong></span> <span class='ocrx_word' id='word_1_186' title='bbox 698 1272 767 1293; x_wconf 88' lang='lat' dir='ltr'><strong>cum</strong></span> <span class='ocrx_word' id='word_1_187' title='bbox 794 1273 878 1293; x_wconf 77' lang='lat' dir='ltr'><strong>voce</strong></span> <span class='ocrx_word' id='word_1_188' title='bbox 906 1275 968 1316; x_wconf 50' lang='lat' dir='ltr'><strong>&amp;j</strong></span> <span class='ocrx_word' id='word_1_189' title='bbox 995 1263 1147 1293; x_wconf 82' lang='lat' dir='ltr'><strong>articulus</strong></span> <span class='ocrx_word' id='word_1_190' title='bbox 1175 1263 1363 1293; x_wconf 88' lang='lat' dir='ltr'><strong>coniunctus</strong></span> <span class='ocrx_word' id='word_1_191' title='bbox 1392 1263 1447 1303; x_wconf 73' lang='lat' dir='ltr'><strong>sit,</strong></span> <span class='ocrx_word' id='word_1_192' title='bbox 1474 1261 1619 1292; x_wconf 85' lang='lat' dir='ltr'><strong>indicium</strong></span> <span class='ocrx_word' id='word_1_193' title='bbox 1649 1262 1783 1301; x_wconf 72' lang='lat' dir='ltr'><strong>invenit,</strong></span> <span class='ocrx_word' id='word_1_194' title='bbox 1813 1261 1930 1290; x_wconf 88' lang='lat' dir='ltr'><strong>nomini</strong></span> <span class='ocrx_word' id='word_1_195' title='bbox 1957 1258 2016 1288; x_wconf 88' lang='lat' dir='ltr'><strong>ad-</strong></span> 
     </span>
    </p>
   </div>
   <div class='ocr_carea' id='block_1_6' title="bbox 218 1324 1281 1367">
    <p class='ocr_par' dir='ltr' id='par_1_7' title="bbox 218 1324 1281 1367">
     <span class='ocr_line' id='line_1_19' title="bbox 218 1324 1281 1367; baseline 0.005 -15"><span class='ocrx_word' id='word_1_196' title='bbox 218 1324 323 1353; x_wconf 86' lang='lat' dir='ltr'><strong>iectivi</strong></span> <span class='ocrx_word' id='word_1_197' title='bbox 351 1334 390 1353; x_wconf 89' lang='lat' dir='ltr'><strong>ro</strong></span> <span class='ocrx_word' id='word_1_198' title='bbox 401 1325 419 1354; x_wconf 92' lang='lat' dir='ltr'><strong>b</strong></span> <span class='ocrx_word' id='word_1_199' title='bbox 431 1325 536 1365; x_wconf 82' lang='lat' dir='ltr'><strong>usti,</strong></span> <span class='ocrx_word' id='word_1_200' title='bbox 566 1325 584 1355; x_wconf 92' lang='lat' dir='ltr'><strong>d</strong></span> <span class='ocrx_word' id='word_1_201' title='bbox 596 1335 613 1355; x_wconf 88' lang='lat' dir='ltr'><strong>e</strong></span> <span class='ocrx_word' id='word_1_202' title='bbox 624 1326 662 1355; x_wconf 91' lang='lat' dir='ltr'><strong>fe</strong></span> <span class='ocrx_word' id='word_1_203' title='bbox 672 1335 691 1355; x_wconf 94' lang='lat' dir='ltr'><strong>n</strong></span> <span class='ocrx_word' id='word_1_204' title='bbox 700 1326 735 1355; x_wconf 90' lang='lat' dir='ltr'><strong>si</strong></span> <span class='ocrx_word' id='word_1_205' title='bbox 762 1325 1035 1367; x_wconf 80' lang='lat' dir='ltr'><strong>significationem</strong></span> <span class='ocrx_word' id='word_1_206' title='bbox 1062 1326 1167 1356; x_wconf 89' lang='lat' dir='ltr'><strong>datam</strong></span> <span class='ocrx_word' id='word_1_207' title='bbox 1194 1336 1281 1357; x_wconf 89' lang='lat' dir='ltr'><strong>esse.</strong></span> 
     </span>
    </p>
   </div>
   <div class='ocr_carea' id='block_1_7' title="bbox 217 1432 1907 1477">
    <p class='ocr_par' dir='ltr' id='par_1_8' title="bbox 217 1432 1907 1477">
     <span class='ocr_line' id='line_1_20' title="bbox 217 1432 1907 1477; baseline 0.001 -16"><span class='ocrx_word' id='word_1_208' title='bbox 217 1433 246 1462; x_wconf 86' lang='lat'><strong>1.</strong></span> <span class='ocrx_word' id='word_1_209' title='bbox 268 1432 371 1470; x_wconf 80' lang='lat' dir='ltr'><strong>Quam</strong></span> <span class='ocrx_word' id='word_1_210' title='bbox 393 1435 472 1464; x_wconf 85' lang='lat' dir='ltr'><strong>bona</strong></span> <span class='ocrx_word' id='word_1_211' title='bbox 493 1446 575 1473; x_wconf 61' lang='lat' dir='ltr'><strong>⁵qens</strong></span> <span class='ocrx_word' id='word_1_212' title='bbox 598 1436 674 1466; x_wconf 78' lang='lat' dir='ltr'><strong>calb</strong></span> <span class='ocrx_word' id='word_1_213' title='bbox 698 1441 753 1469; x_wconf 75' lang='lat' dir='ltr'><strong>est,</strong></span> <span class='ocrx_word' id='word_1_214' title='bbox 775 1441 998 1477; x_wconf 77' lang='lat' dir='ltr'><strong>praeterquam</strong></span> <span class='ocrx_word' id='word_1_215' title='bbox 1022 1437 1107 1476; x_wconf 80' lang='lat' dir='ltr'><strong>quod</strong></span> <span class='ocrx_word' id='word_1_216' title='bbox 1127 1439 1160 1466; x_wconf 81' lang='lat' dir='ltr'><strong>in</strong></span> <span class='ocrx_word' id='word_1_217' title='bbox 1181 1439 1249 1466; x_wconf 81' lang='lat' dir='ltr'><strong>eius</strong></span> <span class='ocrx_word' id='word_1_218' title='bbox 1273 1438 1432 1466; x_wconf 70' lang='lat' dir='ltr'><strong>vicinitate</strong></span> <span class='ocrx_word' id='word_1_219' title='bbox 1452 1445 1504 1464; x_wconf 82' lang='lat' dir='ltr'><strong>res</strong></span> <span class='ocrx_word' id='word_1_220' title='bbox 1527 1437 1673 1472; x_wconf 73' lang='lat' dir='ltr'><strong>inyralas</strong></span> <span class='ocrx_word' id='word_1_221' title='bbox 1692 1432 1907 1472; x_wconf 77' lang='lat' dir='ltr'><strong>pertulimus!</strong></span> 
     </span>
    </p>
   </div>
   <div class='ocr_carea' id='block_1_8' title="bbox 215 1502 2014 1736">
    <p class='ocr_par' dir='ltr' id='par_1_9' title="bbox 215 1502 2014 1736">
     <span class='ocr_line' id='line_1_21' title="bbox 319 1502 2014 1547; baseline -0.001 -14"><span class='ocrx_word' id='word_1_222' title='bbox 319 1504 417 1534; x_wconf 77' lang='lat' dir='ltr'><strong>Modo</strong></span> <span class='ocrx_word' id='word_1_223' title='bbox 445 1506 586 1545; x_wconf 72' lang='lat' dir='ltr'><strong>satyrico</strong></span> <span class='ocrx_word' id='word_1_224' title='bbox 614 1507 748 1545; x_wconf 88' lang='lat' dir='ltr'><strong>primum</strong></span> <span class='ocrx_word' id='word_1_225' title='bbox 777 1507 871 1537; x_wconf 87' lang='lat' dir='ltr'><strong>laude</strong></span> <span class='ocrx_word' id='word_1_226' title='bbox 899 1509 944 1538; x_wconf 80' lang='lat' dir='ltr'><strong>uti</strong></span> <span class='ocrx_word' id='word_1_227' title='bbox 971 1507 1080 1547; x_wconf 83' lang='lat' dir='ltr'><strong>incipit</strong></span> <span class='ocrx_word' id='word_1_228' title='bbox 1107 1512 1141 1537; x_wconf 88' lang='lat' dir='ltr'><strong>et</strong></span> <span class='ocrx_word' id='word_1_229' title='bbox 1168 1512 1234 1537; x_wconf 89' lang='lat' dir='ltr'><strong>tum</strong></span> <span class='ocrx_word' id='word_1_230' title='bbox 1261 1516 1315 1536; x_wconf 88' lang='lat' dir='ltr'><strong>res</strong></span> <span class='ocrx_word' id='word_1_231' title='bbox 1350 1505 1499 1547; x_wconf 76' lang='lat' dir='ltr'><strong>adducit,</strong></span> <span class='ocrx_word' id='word_1_232' title='bbox 1535 1505 1651 1545; x_wconf 88' lang='lat' dir='ltr'><strong>quibus</strong></span> <span class='ocrx_word' id='word_1_233' title='bbox 1685 1504 1756 1534; x_wconf 87' lang='lat' dir='ltr'><strong>laus</strong></span> <span class='ocrx_word' id='word_1_234' title='bbox 1784 1503 1915 1534; x_wconf 89' lang='lat' dir='ltr'><strong>tollitur.</strong></span> <span class='ocrx_word' id='word_1_235' title='bbox 1967 1502 2014 1533; x_wconf 88' lang='lat' dir='ltr'><strong>Se</strong></span> 
     </span>
     <span class='ocr_line' id='line_1_22' title="bbox 216 1567 2012 1610; baseline -0.001 -14"><span class='ocrx_word' id='word_1_236' title='bbox 216 1576 402 1605; x_wconf 86' lang='lat' dir='ltr'><strong>quamquam</strong></span> <span class='ocrx_word' id='word_1_237' title='bbox 437 1568 610 1598; x_wconf 80' lang='lat' dir='ltr'><strong>vicinitatis</strong></span> <span class='ocrx_word' id='word_1_238' title='bbox 636 1569 703 1598; x_wconf 89' lang='lat' dir='ltr'><strong>iure</strong></span> <span class='ocrx_word' id='word_1_239' title='bbox 731 1569 885 1600; x_wconf 80' lang='lat' dir='ltr'><strong>defensus</strong></span> <span class='ocrx_word' id='word_1_240' title='bbox 912 1576 1025 1610; x_wconf 75' lang='lat' dir='ltr'><strong>esset,</strong></span> <span class='ocrx_word' id='word_1_241' title='bbox 1067 1574 1174 1599; x_wconf 85' lang='lat' dir='ltr'><strong>tamen</strong></span> <span class='ocrx_word' id='word_1_242' title='bbox 1208 1578 1260 1598; x_wconf 90' lang='lat' dir='ltr'><strong>res</strong></span> <span class='ocrx_word' id='word_1_243' title='bbox 1297 1569 1448 1608; x_wconf 76' lang='lat' dir='ltr'><strong>ingratas</strong></span> <span class='ocrx_word' id='word_1_244' title='bbox 1478 1576 1667 1607; x_wconf 83' lang='lat' dir='ltr'><strong>perpessum</strong></span> <span class='ocrx_word' id='word_1_245' title='bbox 1701 1576 1788 1597; x_wconf 90' lang='lat' dir='ltr'><strong>esse.</strong></span> <span class='ocrx_word' id='word_1_246' title='bbox 1842 1567 1917 1597; x_wconf 90' lang='lat' dir='ltr'><strong>Vox</strong></span> <span class='ocrx_word' id='word_1_247' title='bbox 1945 1569 2012 1604; x_wconf 61' lang='grc' dir='ltr'><strong>ω,</strong></span> 
     </span>
     <span class='ocr_line' id='line_1_23' title="bbox 215 1630 2012 1672; baseline 0 -14"><span class='ocrx_word' id='word_1_248' title='bbox 215 1638 277 1667; x_wconf 87' lang='lat' dir='ltr'><strong>qua</strong></span> <span class='ocrx_word' id='word_1_249' title='bbox 303 1639 357 1658; x_wconf 90' lang='lat' dir='ltr'><strong>res</strong></span> <span class='ocrx_word' id='word_1_250' title='bbox 385 1640 485 1668; x_wconf 85' lang='lat' dir='ltr'><strong>parva</strong></span> <span class='ocrx_word' id='word_1_251' title='bbox 512 1631 708 1672; x_wconf 82' lang='lat' dir='ltr'><strong>designatur,</strong></span> <span class='ocrx_word' id='word_1_252' title='bbox 735 1633 860 1662; x_wconf 86' lang='lat' dir='ltr'><strong>nonnisi</strong></span> <span class='ocrx_word' id='word_1_253' title='bbox 887 1634 916 1662; x_wconf 91' lang='lat' dir='ltr'><strong>in</strong></span> <span class='ocrx_word' id='word_1_254' title='bbox 945 1644 979 1662; x_wconf 90' lang='lat' dir='ltr'><strong>re</strong></span> <span class='ocrx_word' id='word_1_255' title='bbox 1010 1633 1092 1662; x_wconf 91' lang='lat' dir='ltr'><strong>mala</strong></span> <span class='ocrx_word' id='word_1_256' title='bbox 1118 1632 1258 1662; x_wconf 80' lang='lat' dir='ltr'><strong>adhibita</strong></span> <span class='ocrx_word' id='word_1_257' title='bbox 1285 1637 1345 1662; x_wconf 83' lang='lat' dir='ltr'><strong>est.</strong></span> <span class='ocrx_word' id='word_1_258' title='bbox 1407 1632 1475 1661; x_wconf 84' lang='lat' dir='ltr'><strong>Ista</strong></span> <span class='ocrx_word' id='word_1_259' title='bbox 1502 1636 1608 1661; x_wconf 91' lang='lat' dir='ltr'><strong>autem</strong></span> <span class='ocrx_word' id='word_1_260' title='bbox 1637 1639 1718 1660; x_wconf 87' lang='lat' dir='ltr'><strong>voce</strong></span> <span class='ocrx_word' id='word_1_261' title='bbox 1744 1639 1797 1659; x_wconf 90' lang='lat' dir='ltr'><strong>res</strong></span> <span class='ocrx_word' id='word_1_262' title='bbox 1824 1630 1914 1669; x_wconf 89' lang='lat' dir='ltr'><strong>parvi</strong></span> <span class='ocrx_word' id='word_1_263' title='bbox 1943 1639 2012 1659; x_wconf 91' lang='lat' dir='ltr'><strong>mo-</strong></span> 
     </span>
     <span class='ocr_line' id='line_1_24' title="bbox 215 1691 2010 1736; baseline 0.002 -17"><span class='ocrx_word' id='word_1_264' title='bbox 215 1692 312 1720; x_wconf 88' lang='lat' dir='ltr'><strong>menti</strong></span> <span class='ocrx_word' id='word_1_265' title='bbox 337 1691 602 1733; x_wconf 65' lang='lat' dir='ltr'><strong>signfficaturus,</strong></span> <span class='ocrx_word' id='word_1_266' title='bbox 643 1704 721 1723; x_wconf 83' lang='lat' dir='ltr'><strong>usus</strong></span> <span class='ocrx_word' id='word_1_267' title='bbox 758 1694 886 1724; x_wconf 81' lang='lat' dir='ltr'><strong>videtur</strong></span> <span class='ocrx_word' id='word_1_268' title='bbox 919 1701 1033 1736; x_wconf 67' lang='lat' dir='ltr'><strong>poeta,</strong></span> <span class='ocrx_word' id='word_1_269' title='bbox 1071 1701 1105 1725; x_wconf 91' lang='lat' dir='ltr'><strong>ut</strong></span> <span class='ocrx_word' id='word_1_270' title='bbox 1139 1701 1264 1736; x_wconf 79' lang='lat' dir='ltr'><strong>gentem</strong></span> <span class='ocrx_word' id='word_1_271' title='bbox 1293 1705 1354 1724; x_wconf 90' lang='lat' dir='ltr'><strong>non</strong></span> <span class='ocrx_word' id='word_1_272' title='bbox 1385 1695 1474 1725; x_wconf 89' lang='lat' dir='ltr'><strong>nimis</strong></span> <span class='ocrx_word' id='word_1_273' title='bbox 1502 1694 1644 1724; x_wconf 84' lang='lat' dir='ltr'><strong>laederet</strong></span> <span class='ocrx_word' id='word_1_274' title='bbox 1673 1697 1706 1722; x_wconf 90' lang='lat' dir='ltr'><strong>et</strong></span> <span class='ocrx_word' id='word_1_275' title='bbox 1733 1702 1825 1722; x_wconf 88' lang='lat' dir='ltr'><strong>omne</strong></span> <span class='ocrx_word' id='word_1_276' title='bbox 1853 1693 2010 1723; x_wconf 82' lang='lat' dir='ltr'><strong>amicitiae</strong></span> 
     </span>
    </p>
   </div>
   <div class='ocr_carea' id='block_1_9' title="bbox 214 1755 2009 1799">
    <p class='ocr_par' dir='ltr' id='par_1_10' title="bbox 214 1755 2009 1799">
     <span class='ocr_line' id='line_1_25' title="bbox 214 1755 2009 1799; baseline 0.001 -17"><span class='ocrx_word' id='word_1_277' title='bbox 214 1755 374 1784; x_wconf 81' lang='lat' dir='ltr'><strong>vinculum</strong></span> <span class='ocrx_word' id='word_1_278' title='bbox 390 1755 475 1785; x_wconf 84' lang='lat' dir='ltr'><strong>haud</strong></span> <span class='ocrx_word' id='word_1_279' title='bbox 492 1761 675 1795; x_wconf 80' lang='lat' dir='ltr'><strong>rumperet3</strong></span> <span class='ocrx_word' id='word_1_280' title='bbox 704 1757 761 1787; x_wconf 78' lang='lat' dir='ltr'><strong>sod</strong></span> <span class='ocrx_word' id='word_1_281' title='bbox 776 1758 888 1788; x_wconf 86' lang='lat' dir='ltr'><strong>leniter</strong></span> <span class='ocrx_word' id='word_1_282' title='bbox 905 1759 1014 1788; x_wconf 86' lang='lat' dir='ltr'><strong>verbis</strong></span> <span class='ocrx_word' id='word_1_283' title='bbox 1031 1768 1133 1799; x_wconf 83' lang='lat' dir='ltr'><strong>agens</strong></span> <span class='ocrx_word' id='word_1_284' title='bbox 1149 1763 1266 1788; x_wconf 77' lang='lat' dir='ltr'><strong>statum</strong></span> <span class='ocrx_word' id='word_1_285' title='bbox 1283 1758 1424 1787; x_wconf 79' lang='lat' dir='ltr'><strong>fortasse</strong></span> <span class='ocrx_word' id='word_1_286' title='bbox 1439 1767 1532 1787; x_wconf 90' lang='lat' dir='ltr'><strong>suum</strong></span> <span class='ocrx_word' id='word_1_287' title='bbox 1548 1759 1723 1796; x_wconf 85' lang='lat' dir='ltr'><strong>repararet.</strong></span> <span class='ocrx_word' id='word_1_288' title='bbox 1751 1755 1888 1785; x_wconf 88' lang='lat' dir='ltr'><strong>Pluralis</strong></span> <span class='ocrx_word' id='word_1_289' title='bbox 1916 1755 2009 1785; x_wconf 81' lang='lat' dir='ltr'><strong>vocis</strong></span> 
     </span>
    </p>
   </div>
   <div class='ocr_carea' id='block_1_10' title="bbox 208 1823 2010 2375">
    <p class='ocr_par' dir='ltr' id='par_1_11' title="bbox 208 1823 2010 2375">
     <span class='ocr_line' id='line_1_26' title="bbox 213 1823 2010 1874; baseline 0 -15"><span class='ocrx_word' id='word_1_290' title='bbox 213 1825 300 1856; x_wconf 55' lang='lat' dir='ltr'><strong>cam</strong></span> <span class='ocrx_word' id='word_1_291' title='bbox 325 1834 358 1859; x_wconf 82' lang='lat' dir='ltr'><strong>et</strong></span> <span class='ocrx_word' id='word_1_292' title='bbox 383 1829 487 1871; x_wconf 53' lang='lat'><strong>0532&amp;</strong></span> <span class='ocrx_word' id='word_1_293' title='bbox 514 1836 583 1869; x_wconf 84' lang='lat' dir='ltr'><strong>est,</strong></span> <span class='ocrx_word' id='word_1_294' title='bbox 622 1837 655 1862; x_wconf 92' lang='lat' dir='ltr'><strong>ut</strong></span> <span class='ocrx_word' id='word_1_295' title='bbox 682 1833 720 1861; x_wconf 85' lang='lat' dir='ltr'><strong>ab</strong></span> <span class='ocrx_word' id='word_1_296' title='bbox 750 1833 801 1862; x_wconf 94' lang='lat' dir='ltr'><strong>illo</strong></span> <span class='ocrx_word' id='word_1_297' title='bbox 830 1833 1022 1863; x_wconf 77' lang='lat' dir='ltr'><strong>adiectivum</strong></span> <span class='ocrx_word' id='word_1_298' title='bbox 1049 1823 1133 1874; x_wconf 46' lang='grc' dir='ltr'><strong>εἶθ.</strong></span> <span class='ocrx_word' id='word_1_299' title='bbox 1173 1834 1212 1863; x_wconf 90' lang='lat' dir='ltr'><strong>ab</strong></span> <span class='ocrx_word' id='word_1_300' title='bbox 1241 1833 1301 1863; x_wconf 81' lang='lat' dir='ltr'><strong>lioc</strong></span> <span class='ocrx_word' id='word_1_301' title='bbox 1327 1836 1422 1873; x_wconf 31' lang='grc' dir='ltr'><strong>ἀμφ</strong></span> <span class='ocrx_word' id='word_1_302' title='bbox 1450 1832 1637 1867; x_wconf 76' lang='lat' dir='ltr'><strong>derivetur,</strong></span> <span class='ocrx_word' id='word_1_303' title='bbox 1675 1831 1718 1861; x_wconf 83' lang='lat' dir='ltr'><strong>ita</strong></span> <span class='ocrx_word' id='word_1_304' title='bbox 1744 1835 1850 1860; x_wconf 88' lang='lat' dir='ltr'><strong>tamen</strong></span> <span class='ocrx_word' id='word_1_305' title='bbox 1879 1835 1933 1871; x_wconf 72' lang='lat' dir='ltr'><strong>ut,</strong></span> <span class='ocrx_word' id='word_1_306' title='bbox 1959 1831 2010 1870; x_wconf 88' lang='lat' dir='ltr'><strong>qui</strong></span> 
     </span>
     <span class='ocr_line' id='line_1_27' title="bbox 213 1891 2010 1937; baseline 0.002 -18"><span class='ocrx_word' id='word_1_307' title='bbox 213 1891 336 1920; x_wconf 83' lang='lat' dir='ltr'><strong>tertiam</strong></span> <span class='ocrx_word' id='word_1_308' title='bbox 364 1892 501 1922; x_wconf 86' lang='lat' dir='ltr'><strong>litteram</strong></span> <span class='ocrx_word' id='word_1_309' title='bbox 533 1893 702 1924; x_wconf 84' lang='lat' dir='ltr'><strong>radicalem</strong></span> <span class='ocrx_word' id='word_1_310' title='bbox 734 1905 794 1925; x_wconf 85' lang='lat' dir='ltr'><strong>nou</strong></span> <span class='ocrx_word' id='word_1_311' title='bbox 821 1897 990 1934; x_wconf 83' lang='lat' dir='ltr'><strong>abiecerit,</strong></span> <span class='ocrx_word' id='word_1_312' title='bbox 1028 1901 1082 1927; x_wconf 80' lang='lat' dir='ltr'><strong>aut</strong></span> <span class='ocrx_word' id='word_1_313' title='bbox 1107 1899 1202 1937; x_wconf 49' lang='lat'><strong>&amp;529</strong></span> <span class='ocrx_word' id='word_1_314' title='bbox 1230 1902 1281 1926; x_wconf 87' lang='lat' dir='ltr'><strong>aut</strong></span> <span class='ocrx_word' id='word_1_315' title='bbox 1309 1899 1369 1936; x_wconf 56' lang='lat'><strong>&amp;³9</strong></span> <span class='ocrx_word' id='word_1_316' title='bbox 1397 1894 1519 1924; x_wconf 89' lang='lat' dir='ltr'><strong>dicendi</strong></span> <span class='ocrx_word' id='word_1_317' title='bbox 1550 1897 1744 1933; x_wconf 84' lang='lat' dir='ltr'><strong>potestatem</strong></span> <span class='ocrx_word' id='word_1_318' title='bbox 1770 1893 1895 1924; x_wconf 85' lang='lat' dir='ltr'><strong>habeat.</strong></span> <span class='ocrx_word' id='word_1_319' title='bbox 1949 1895 2010 1924; x_wconf 84' lang='lat' dir='ltr'><strong>Est</strong></span> 
     </span>
     <span class='ocr_line' id='line_1_28' title="bbox 212 1954 2007 2003; baseline 0.002 -21"><span class='ocrx_word' id='word_1_320' title='bbox 212 1958 316 1983; x_wconf 85' lang='lat' dir='ltr'><strong>autem</strong></span> <span class='ocrx_word' id='word_1_321' title='bbox 353 1955 404 1985; x_wconf 89' lang='lat' dir='ltr'><strong>illa</strong></span> <span class='ocrx_word' id='word_1_322' title='bbox 437 1957 587 1995; x_wconf 86' lang='lat' dir='ltr'><strong>exceptio</strong></span> <span class='ocrx_word' id='word_1_323' title='bbox 616 1959 748 1988; x_wconf 81' lang='lat' dir='ltr'><strong>vocibus</strong></span> <span class='ocrx_word' id='word_1_324' title='bbox 778 1954 803 1986; x_wconf 75' lang='lat' dir='ltr'><strong>lii</strong></span> <span class='ocrx_word' id='word_1_325' title='bbox 828 1962 886 2003; x_wconf 55' lang='lat'><strong>:²⁸³</strong></span> <span class='ocrx_word' id='word_1_326' title='bbox 913 1959 1051 1989; x_wconf 84' lang='lat' dir='ltr'><strong>indicata</strong></span> <span class='ocrx_word' id='word_1_327' title='bbox 1078 1960 1117 1989; x_wconf 89' lang='lat' dir='ltr'><strong>ab</strong></span> <span class='ocrx_word' id='word_1_328' title='bbox 1145 1959 1406 1989; x_wconf 82' lang='lat' dir='ltr'><strong>antecedentibus</strong></span> <span class='ocrx_word' id='word_1_329' title='bbox 1435 1957 1560 1986; x_wconf 89' lang='lat' dir='ltr'><strong>omnino</strong></span> <span class='ocrx_word' id='word_1_330' title='bbox 1588 1960 1750 1995; x_wconf 89' lang='lat' dir='ltr'><strong>separata.</strong></span> <span class='ocrx_word' id='word_1_331' title='bbox 1803 1956 2007 1986; x_wconf 82' lang='lat' dir='ltr'><strong>Scholiastes</strong></span> 
     </span>
     <span class='ocr_line' id='line_1_29' title="bbox 212 2018 2006 2063; baseline 0.002 -16"><span class='ocrx_word' id='word_1_332' title='bbox 212 2018 300 2057; x_wconf 81' lang='lat' dir='ltr'><strong>dicit,</strong></span> <span class='ocrx_word' id='word_1_333' title='bbox 328 2024 455 2058; x_wconf 87' lang='lat' dir='ltr'><strong>poetam</strong></span> <span class='ocrx_word' id='word_1_334' title='bbox 482 2030 558 2050; x_wconf 73' lang='lat' dir='ltr'><strong>suae</strong></span> <span class='ocrx_word' id='word_1_335' title='bbox 587 2022 674 2061; x_wconf 85' lang='lat' dir='ltr'><strong>genti</strong></span> <span class='ocrx_word' id='word_1_336' title='bbox 703 2023 783 2051; x_wconf 78' lang='lat' dir='ltr'><strong>Thai</strong></span> <span class='ocrx_word' id='word_1_337' title='bbox 811 2024 925 2052; x_wconf 86' lang='lat' dir='ltr'><strong>iratum</strong></span> <span class='ocrx_word' id='word_1_338' title='bbox 954 2022 993 2052; x_wconf 88' lang='lat' dir='ltr'><strong>ad</strong></span> <span class='ocrx_word' id='word_1_339' title='bbox 1021 2026 1148 2063; x_wconf 74' lang='lat' dir='ltr'><strong>gentem</strong></span> <span class='ocrx_word' id='word_1_340' title='bbox 1175 2021 1253 2052; x_wconf 87' lang='lat' dir='ltr'><strong>Calb</strong></span> <span class='ocrx_word' id='word_1_341' title='bbox 1281 2022 1476 2061; x_wconf 69' lang='lat' dir='ltr'><strong>accessisse,</strong></span> <span class='ocrx_word' id='word_1_342' title='bbox 1505 2026 1569 2051; x_wconf 87' lang='lat' dir='ltr'><strong>tum</strong></span> <span class='ocrx_word' id='word_1_343' title='bbox 1596 2031 1687 2061; x_wconf 77' lang='lat' dir='ltr'><strong>vero,</strong></span> <span class='ocrx_word' id='word_1_344' title='bbox 1718 2021 1787 2051; x_wconf 89' lang='lat' dir='ltr'><strong>eius</strong></span> <span class='ocrx_word' id='word_1_345' title='bbox 1806 2031 1884 2062; x_wconf 82' lang='lat' dir='ltr'><strong>erga</strong></span> <span class='ocrx_word' id='word_1_346' title='bbox 1903 2022 2006 2061; x_wconf 90' lang='lat' dir='ltr'><strong>ipsum</strong></span> 
     </span>
     <span class='ocr_line' id='line_1_30' title="bbox 210 2081 2004 2125; baseline 0.002 -14"><span class='ocrx_word' id='word_1_347' title='bbox 210 2081 325 2122; x_wconf 79' lang='lat' dir='ltr'><strong>agendi</strong></span> <span class='ocrx_word' id='word_1_348' title='bbox 354 2083 507 2113; x_wconf 82' lang='lat' dir='ltr'><strong>rationem</strong></span> <span class='ocrx_word' id='word_1_349' title='bbox 535 2094 629 2123; x_wconf 89' lang='lat' dir='ltr'><strong>quum</strong></span> <span class='ocrx_word' id='word_1_350' title='bbox 656 2085 769 2114; x_wconf 83' lang='lat' dir='ltr'><strong>bonam</strong></span> <span class='ocrx_word' id='word_1_351' title='bbox 798 2095 858 2115; x_wconf 90' lang='lat' dir='ltr'><strong>non</strong></span> <span class='ocrx_word' id='word_1_352' title='bbox 887 2086 1065 2125; x_wconf 72' lang='lat' dir='ltr'><strong>inveniret,</strong></span> <span class='ocrx_word' id='word_1_353' title='bbox 1107 2084 1308 2114; x_wconf 84' lang='lat' dir='ltr'><strong>recedentem</strong></span> <span class='ocrx_word' id='word_1_354' title='bbox 1344 2093 1412 2113; x_wconf 88' lang='lat' dir='ltr'><strong>cam</strong></span> <span class='ocrx_word' id='word_1_355' title='bbox 1450 2085 1668 2123; x_wconf 86' lang='lat' dir='ltr'><strong>vituperasse.</strong></span> <span class='ocrx_word' id='word_1_356' title='bbox 1723 2085 1829 2114; x_wconf 82' lang='lat' dir='ltr'><strong>Antea</strong></span> <span class='ocrx_word' id='word_1_357' title='bbox 1856 2083 2004 2124; x_wconf 76' lang='lat' dir='ltr'><strong>diximus,</strong></span> 
     </span>
     <span class='ocr_line' id='line_1_31' title="bbox 210 2143 2004 2187; baseline 0.002 -14"><span class='ocrx_word' id='word_1_358' title='bbox 210 2153 320 2174; x_wconf 79' lang='lat' dir='ltr'><strong>vocem</strong></span> <span class='ocrx_word' id='word_1_359' title='bbox 349 2143 436 2174; x_wconf 60' lang='grc' dir='ltr'><strong>ωῑὶφ</strong></span> <span class='ocrx_word' id='word_1_360' title='bbox 463 2147 588 2176; x_wconf 85' lang='lat' dir='ltr'><strong>nonnisi</strong></span> <span class='ocrx_word' id='word_1_361' title='bbox 616 2148 707 2177; x_wconf 83' lang='lat' dir='ltr'><strong>malis</strong></span> <span class='ocrx_word' id='word_1_362' title='bbox 734 2149 764 2177; x_wconf 89' lang='lat' dir='ltr'><strong>in</strong></span> <span class='ocrx_word' id='word_1_363' title='bbox 794 2149 887 2178; x_wconf 87' lang='lat' dir='ltr'><strong>rebus</strong></span> <span class='ocrx_word' id='word_1_364' title='bbox 918 2147 1079 2187; x_wconf 72' lang='lat' dir='ltr'><strong>adhiberi,</strong></span> <span class='ocrx_word' id='word_1_365' title='bbox 1114 2156 1196 2176; x_wconf 78' lang='lat' dir='ltr'><strong>voce</strong></span> <span class='ocrx_word' id='word_1_366' title='bbox 1224 2149 1326 2175; x_wconf 76' lang='lat' dir='ltr'><strong>autem</strong></span> <span class='ocrx_word' id='word_1_367' title='bbox 1362 2147 1391 2175; x_wconf 88' lang='lat' dir='ltr'><strong>in</strong></span> <span class='ocrx_word' id='word_1_368' title='bbox 1421 2147 1511 2175; x_wconf 85' lang='lat' dir='ltr'><strong>bouis</strong></span> <span class='ocrx_word' id='word_1_369' title='bbox 1540 2147 1636 2175; x_wconf 90' lang='lat' dir='ltr'><strong>rebus</strong></span> <span class='ocrx_word' id='word_1_370' title='bbox 1665 2146 1873 2187; x_wconf 86' lang='lat' dir='ltr'><strong>designandis</strong></span> <span class='ocrx_word' id='word_1_371' title='bbox 1901 2147 2004 2177; x_wconf 82' lang='lat' dir='ltr'><strong>Allia-</strong></span> 
     </span>
     <span class='ocr_line' id='line_1_32' title="bbox 209 2207 2003 2248; baseline 0.001 -13"><span class='ocrx_word' id='word_1_372' title='bbox 209 2217 308 2236; x_wconf 85' lang='lat' dir='ltr'><strong>sanus</strong></span> <span class='ocrx_word' id='word_1_373' title='bbox 334 2209 362 2239; x_wconf 94' lang='lat' dir='ltr'><strong>b.</strong></span> <span class='ocrx_word' id='word_1_374' title='bbox 391 2208 500 2238; x_wconf 82' lang='lat' dir='ltr'><strong>wahh</strong></span> <span class='ocrx_word' id='word_1_375' title='bbox 516 2207 542 2247; x_wconf 87' lang='lat'><strong>¹)</strong></span> <span class='ocrx_word' id='word_1_376' title='bbox 571 2209 610 2239; x_wconf 88' lang='lat' dir='ltr'><strong>ad</strong></span> <span class='ocrx_word' id='word_1_377' title='bbox 638 2210 768 2240; x_wconf 79' lang='lat' dir='ltr'><strong>fratrem</strong></span> <span class='ocrx_word' id='word_1_378' title='bbox 798 2212 945 2240; x_wconf 74' lang='lat' dir='ltr'><strong>scribens</strong></span> <span class='ocrx_word' id='word_1_379' title='bbox 971 2219 1048 2240; x_wconf 77' lang='lat' dir='ltr'><strong>usus</strong></span> <span class='ocrx_word' id='word_1_380' title='bbox 1076 2215 1125 2239; x_wconf 77' lang='lat' dir='ltr'><strong>cst</strong></span> <span class='ocrx_word' id='word_1_381' title='bbox 1153 2211 1181 2238; x_wconf 90' lang='lat' dir='ltr'><strong>in</strong></span> <span class='ocrx_word' id='word_1_382' title='bbox 1208 2210 1432 2248; x_wconf 78' lang='lat' dir='ltr'><strong>sequentibus:</strong></span> <span class='ocrx_word' id='word_1_383' title='bbox 1462 2214 1571 2247; x_wconf 70' lang='lat' dir='ltr'><strong>(metr.</strong></span> <span class='ocrx_word' id='word_1_384' title='bbox 1599 2210 1695 2239; x_wconf 88' lang='lat' dir='ltr'><strong>Sarih</strong></span> <span class='ocrx_word' id='word_1_385' title='bbox 1723 2211 1764 2239; x_wconf 77' lang='lat' dir='ltr'><strong>A.</strong></span> <span class='ocrx_word' id='word_1_386' title='bbox 1786 2220 1814 2240; x_wconf 93' lang='lat' dir='ltr'><strong>a.</strong></span> <span class='ocrx_word' id='word_1_387' title='bbox 1835 2209 1918 2240; x_wconf 85' lang='lat' dir='ltr'><strong>conf.</strong></span> <span class='ocrx_word' id='word_1_388' title='bbox 1936 2209 2003 2238; x_wconf 85' lang='lat' dir='ltr'><strong>libr.</strong></span> 
     </span>
     <span class='ocr_line' id='line_1_33' title="bbox 210 2271 2002 2313; baseline 0.001 -15"><span class='ocrx_word' id='word_1_389' title='bbox 210 2279 311 2299; x_wconf 85' lang='lat' dir='ltr'><strong>meum</strong></span> <span class='ocrx_word' id='word_1_390' title='bbox 329 2271 470 2309; x_wconf 72' lang='lat' dir='ltr'><strong>p.243.)</strong></span> <span class='ocrx_word' id='word_1_391' title='bbox 490 2272 653 2302; x_wconf 79' lang='lat' dir='ltr'><strong>Dorcas</strong></span> <span class='ocrx_word' id='word_1_392' title='bbox 683 2278 755 2303; x_wconf 86' lang='lat' dir='ltr'><strong>tua</strong></span> <span class='ocrx_word' id='word_1_393' title='bbox 783 2274 898 2304; x_wconf 73' lang='lat' dir='ltr'><strong>facie</strong></span> <span class='ocrx_word' id='word_1_394' title='bbox 924 2274 1105 2313; x_wconf 89' lang='lat' dir='ltr'><strong>pulchra</strong></span> <span class='ocrx_word' id='word_1_395' title='bbox 1131 2278 1215 2311; x_wconf 84' lang='lat' dir='ltr'><strong>est,</strong></span> <span class='ocrx_word' id='word_1_396' title='bbox 1244 2278 1444 2302; x_wconf 84' lang='lat' dir='ltr'><strong>caeterae</strong></span> <span class='ocrx_word' id='word_1_397' title='bbox 1474 2282 1612 2302; x_wconf 85' lang='lat' dir='ltr'><strong>omnes</strong></span> <span class='ocrx_word' id='word_1_398' title='bbox 1639 2273 1766 2302; x_wconf 86' lang='lat' dir='ltr'><strong>vitiis</strong></span> <span class='ocrx_word' id='word_1_399' title='bbox 1795 2271 2002 2302; x_wconf 85' lang='lat' dir='ltr'><strong>obnoxiae</strong></span> 
     </span>
     <span class='ocr_line' id='line_1_34' title="bbox 208 2330 2003 2375; baseline 0.002 -15"><span class='ocrx_word' id='word_1_400' title='bbox 208 2336 312 2360; x_wconf 82' lang='lat' dir='ltr'><strong>sunt..</strong></span> <span class='ocrx_word' id='word_1_401' title='bbox 369 2331 396 2361; x_wconf 94' lang='lat'>0</span> <span class='ocrx_word' id='word_1_402' title='bbox 423 2333 740 2375; x_wconf 76' lang='lat' dir='ltr'><strong>Abu-Ahmire.</strong></span> <span class='ocrx_word' id='word_1_403' title='bbox 771 2345 1007 2366; x_wconf 74' lang='lat' dir='ltr'><strong>sermonem</strong></span> <span class='ocrx_word' id='word_1_404' title='bbox 1036 2346 1164 2365; x_wconf 88' lang='lat' dir='ltr'><strong>meum</strong></span> <span class='ocrx_word' id='word_1_405' title='bbox 1195 2330 1414 2375; x_wconf 66' lang='lat' dir='ltr'><strong>intellige!</strong></span> <span class='ocrx_word' id='word_1_406' title='bbox 1453 2336 1621 2374; x_wconf 87' lang='lat' dir='ltr'><strong>quaein</strong></span> <span class='ocrx_word' id='word_1_407' title='bbox 1649 2335 1920 2374; x_wconf 81' lang='lat' dir='ltr'><strong>praefatione</strong></span> <span class='ocrx_word' id='word_1_408' title='bbox 1947 2334 2003 2363; x_wconf 91' lang='lat' dir='ltr'><strong>le-</strong></span> 
     </span>
    </p>
   </div>
   <div class='ocr_carea' id='block_1_11' title="bbox 206 2387 2000 2436">
    <p class='ocr_par' dir='ltr' id='par_1_12' title="bbox 206 2387 2000 2436">
     <span class='ocr_line' id='line_1_35' title="bbox 206 2387 2000 2436; baseline 0.004 -17"><span class='ocrx_word' id='word_1_409' title='bbox 206 2390 272 2429; x_wconf 80' lang='lat' dir='ltr'><strong>(p.</strong></span> <span class='ocrx_word' id='word_1_410' title='bbox 296 2387 602 2436; x_wconf 69' lang='lat' dir='ltr'><strong>1⁸26.)g1111tu··‚</strong></span> <span class='ocrx_word' id='word_1_411' title='bbox 631 2397 684 2426; x_wconf 87' lang='lat' dir='ltr'><strong>iis</strong></span> <span class='ocrx_word' id='word_1_412' title='bbox 710 2397 865 2427; x_wconf 83' lang='lat' dir='ltr'><strong>similia</strong></span> <span class='ocrx_word' id='word_1_413' title='bbox 893 2408 970 2427; x_wconf 91' lang='lat' dir='ltr'><strong>non</strong></span> <span class='ocrx_word' id='word_1_414' title='bbox 999 2401 1112 2435; x_wconf 81' lang='lat' dir='ltr'><strong>sunt,</strong></span> <span class='ocrx_word' id='word_1_415' title='bbox 1141 2407 1241 2435; x_wconf 81' lang='lat' dir='ltr'><strong>quae</strong></span> <span class='ocrx_word' id='word_1_416' title='bbox 1269 2398 1303 2426; x_wconf 89' lang='lat' dir='ltr'><strong>in</strong></span> <span class='ocrx_word' id='word_1_417' title='bbox 1333 2397 1438 2426; x_wconf 90' lang='lat' dir='ltr'><strong>libro</strong></span> <span class='ocrx_word' id='word_1_418' title='bbox 1466 2399 1757 2429; x_wconf 84' lang='lat' dir='ltr'><strong>inveniuntur.</strong></span> <span class='ocrx_word' id='word_1_419' title='bbox 1810 2399 1890 2427; x_wconf 84' lang='lat' dir='ltr'><strong>Tum</strong></span> <span class='ocrx_word' id='word_1_420' title='bbox 1919 2398 2000 2427; x_wconf 89' lang='lat' dir='ltr'><strong>alter</strong></span> 
     </span>
    </p>
   </div>
   <div class='ocr_carea' id='block_1_12' title="bbox 432 2466 546 2475">
    <p class='ocr_par' dir='ltr' id='par_1_13' title="bbox 432 2466 546 2475">
     <span class='ocr_line' id='line_1_36' title="bbox 432 2466 546 2475; baseline 0 0"><span class='ocrx_word' id='word_1_421' title='bbox 432 2466 546 2475; x_wconf 95' lang='lat' dir='ltr'><strong> </strong></span> 
     </span>
    </p>
   </div>
   <div class='ocr_carea' id='block_1_13' title="bbox 221 2503 1997 2627">
    <p class='ocr_par' dir='ltr' id='par_1_14' title="bbox 221 2503 1997 2627">
     <span class='ocr_line' id='line_1_37' title="bbox 221 2503 1997 2536; baseline 0.001 -8"><span class='ocrx_word' id='word_1_422' title='bbox 221 2506 252 2534; x_wconf 51' lang='lat'><strong>1⁷)</strong></span> <span class='ocrx_word' id='word_1_423' title='bbox 273 2505 392 2528; x_wconf 78' lang='lat' dir='ltr'><strong>Alliasan</strong></span> <span class='ocrx_word' id='word_1_424' title='bbox 415 2506 437 2528; x_wconf 85' lang='lat' dir='ltr'><strong>b.</strong></span> <span class='ocrx_word' id='word_1_425' title='bbox 458 2505 547 2527; x_wconf 64' lang='lat' dir='ltr'><strong>u&#39;ahb</strong></span> <span class='ocrx_word' id='word_1_426' title='bbox 568 2505 590 2527; x_wconf 82' lang='lat' dir='ltr'><strong>l).</strong></span> <span class='ocrx_word' id='word_1_427' title='bbox 610 2503 689 2527; x_wconf 81' lang='lat' dir='ltr'><strong>Snihd</strong></span> <span class='ocrx_word' id='word_1_428' title='bbox 709 2505 798 2527; x_wconf 67' lang='lat' dir='ltr'><strong>scriba</strong></span> <span class='ocrx_word' id='word_1_429' title='bbox 818 2508 948 2534; x_wconf 55' lang='lat' dir='ltr'><strong>poetaque</strong></span> <span class='ocrx_word' id='word_1_430' title='bbox 968 2505 1085 2527; x_wconf 80' lang='lat' dir='ltr'><strong>disertus</strong></span> <span class='ocrx_word' id='word_1_431' title='bbox 1105 2508 1170 2528; x_wconf 75' lang='lat' dir='ltr'><strong>erat.</strong></span> <span class='ocrx_word' id='word_1_432' title='bbox 1207 2504 1269 2527; x_wconf 82' lang='lat' dir='ltr'><strong>Eius</strong></span> <span class='ocrx_word' id='word_1_433' title='bbox 1294 2512 1361 2531; x_wconf 68' lang='lat' dir='ltr'><strong>gens</strong></span> <span class='ocrx_word' id='word_1_434' title='bbox 1390 2507 1421 2528; x_wconf 69' lang='lat' dir='ltr'><strong>ad</strong></span> <span class='ocrx_word' id='word_1_435' title='bbox 1450 2509 1556 2536; x_wconf 73' lang='lat' dir='ltr'><strong>gentem</strong></span> <span class='ocrx_word' id='word_1_436' title='bbox 1585 2507 1710 2529; x_wconf 75' lang='lat' dir='ltr'><strong>Alliarets</strong></span> <span class='ocrx_word' id='word_1_437' title='bbox 1736 2506 1759 2529; x_wconf 84' lang='lat' dir='ltr'><strong>b.</strong></span> <span class='ocrx_word' id='word_1_438' title='bbox 1781 2505 1853 2528; x_wconf 67' lang='lat' dir='ltr'><strong>farm</strong></span> <span class='ocrx_word' id='word_1_439' title='bbox 1874 2507 1997 2531; x_wconf 78' lang='lat' dir='ltr'><strong>refertur.</strong></span> 
     </span>
     <span class='ocr_line' id='line_1_38' title="bbox 269 2544 1996 2580; baseline 0.002 -8"><span class='ocrx_word' id='word_1_440' title='bbox 269 2551 297 2572; x_wconf 83' lang='lat' dir='ltr'><strong>ln</strong></span> <span class='ocrx_word' id='word_1_441' title='bbox 316 2551 366 2573; x_wconf 72' lang='lat' dir='ltr'><strong>ista</strong></span> <span class='ocrx_word' id='word_1_442' title='bbox 385 2554 463 2580; x_wconf 76' lang='lat' dir='ltr'><strong>gente</strong></span> <span class='ocrx_word' id='word_1_443' title='bbox 482 2550 556 2572; x_wconf 80' lang='lat' dir='ltr'><strong>multi</strong></span> <span class='ocrx_word' id='word_1_444' title='bbox 576 2550 723 2573; x_wconf 72' lang='lat' dir='ltr'><strong>Christiani</strong></span> <span class='ocrx_word' id='word_1_445' title='bbox 742 2553 828 2573; x_wconf 79' lang='lat' dir='ltr'><strong>erant.</strong></span> <span class='ocrx_word' id='word_1_446' title='bbox 866 2544 1036 2573; x_wconf 72' lang='lat' dir='ltr'><strong>Christianus</strong></span> <span class='ocrx_word' id='word_1_447' title='bbox 1056 2550 1136 2580; x_wconf 75' lang='lat' dir='ltr'><strong>igitur</strong></span> <span class='ocrx_word' id='word_1_448' title='bbox 1156 2550 1238 2574; x_wconf 79' lang='lat' dir='ltr'><strong>fuisse</strong></span> <span class='ocrx_word' id='word_1_449' title='bbox 1258 2551 1373 2574; x_wconf 77' lang='lat' dir='ltr'><strong>videtur.</strong></span> <span class='ocrx_word' id='word_1_450' title='bbox 1409 2552 1505 2575; x_wconf 75' lang='lat' dir='ltr'><strong>Fratre</strong></span> <span class='ocrx_word' id='word_1_451' title='bbox 1524 2553 1679 2575; x_wconf 76' lang='lat' dir='ltr'><strong>sulaimano</strong></span> <span class='ocrx_word' id='word_1_452' title='bbox 1699 2558 1763 2574; x_wconf 87' lang='lat' dir='ltr'><strong>usus</strong></span> <span class='ocrx_word' id='word_1_453' title='bbox 1783 2555 1832 2575; x_wconf 74' lang='lat' dir='ltr'><strong>est.</strong></span> <span class='ocrx_word' id='word_1_454' title='bbox 1870 2554 1907 2575; x_wconf 76' lang='lat' dir='ltr'><strong>Ad</strong></span> <span class='ocrx_word' id='word_1_455' title='bbox 1928 2554 1996 2576; x_wconf 79' lang='lat' dir='ltr'><strong>huuc</strong></span> 
     </span>
     <span class='ocr_line' id='line_1_39' title="bbox 268 2596 1515 2627; baseline 0.001 -8"><span class='ocrx_word' id='word_1_456' title='bbox 268 2599 386 2625; x_wconf 71' lang='lat' dir='ltr'><strong>tempore</strong></span> <span class='ocrx_word' id='word_1_457' title='bbox 406 2597 527 2619; x_wconf 59' lang='lat' dir='ltr'><strong>W&#39;atsiki</strong></span> <span class='ocrx_word' id='word_1_458' title='bbox 547 2596 573 2620; x_wconf 89' lang='lat' dir='ltr'><strong>in</strong></span> <span class='ocrx_word' id='word_1_459' title='bbox 594 2603 727 2620; x_wconf 78' lang='lat' dir='ltr'><strong>carcerem</strong></span> <span class='ocrx_word' id='word_1_460' title='bbox 748 2596 862 2627; x_wconf 64' lang='lat' dir='ltr'><strong>uagandi</strong></span> <span class='ocrx_word' id='word_1_461' title='bbox 882 2596 1020 2619; x_wconf 56' lang='lat' dir='ltr'><strong>coniectu*</strong></span> <span class='ocrx_word' id='word_1_462' title='bbox 1040 2596 1142 2619; x_wconf 51' lang='lat' dir='ltr'><strong>littera&lt;</strong></span> <span class='ocrx_word' id='word_1_463' title='bbox 1163 2596 1239 2620; x_wconf 79' lang='lat' dir='ltr'><strong>dedit.</strong></span> <span class='ocrx_word' id='word_1_464' title='bbox 1277 2596 1339 2620; x_wconf 75' lang='lat' dir='ltr'><strong>Cit.</strong></span> <span class='ocrx_word' id='word_1_465' title='bbox 1360 2597 1515 2627; x_wconf 74' lang='lat' dir='ltr'><strong>Alagnun</strong></span> 
     </span>
    </p>
   </div>
  </div>
 </body>
</html>
