2247 2865
1000 84 1267 114 -416-

235 192 374 223 dixisse:
402 186 487 226 Quid
513 185 634 225 pastori
659 189 770 214 nostro
796 193 898 224 parvo
927 184 1050 223 vultis,
1087 185 1178 215 Deus
1206 193 1268 214 vos
1295 183 1455 214 dedecore
1481 182 1635 224 adficiat,
1662 184 1825 223 accedite,
1863 186 1913 217 hic
1939 187 2023 218 enim

235 254 385 288 Adrahus
412 250 488 281 exit.
539 247 760 278 Redeuntibus
788 252 893 276 autem
920 252 954 276 et
978 247 1275 288 interrogantibus,
1302 247 1427 277 ubinam
1453 251 1567 287 esset,
1595 256 1666 276 eam
1692 247 1923 287 respondisse:
1962 249 2024 280 Hic

236 318 331 349 vobis
357 314 508 346 Adralius
535 322 597 342 non
624 316 695 350 est3
734 314 808 339 ante
834 319 896 339 vos
924 309 1026 349 exiit3
1054 318 1117 350 ego
1143 318 1222 338 vero
1247 309 1289 338 nil
1316 309 1423 348 volui,
1460 309 1520 338 nisi
1547 309 1576 339 ei
1601 309 1747 349 levamen
1776 320 1900 350 parare.
1935 312 2026 342 Hanc

236 387 305 407 rem
327 372 519 405 Hodbahum
544 371 693 400 versibus
724 369 933 408 sequentibus
948 373 1120 408 spectasse
1146 367 1251 412 (metr.
1276 368 1434 413 Thawil):
1465 371 1632 402 Animae
1663 375 1829 403 sanatio
1863 372 2027 403 fuisset

234 441 383 470 contra
407 435 459 472 id,
483 432 594 473 quod
621 441 712 461 eam
740 430 987 461 adflixerat
1013 431 1234 461 matutino
1261 432 1333 461 illo
1363 438 1556 472 tempore,
1583 432 1857 463 siAdrahum
1883 433 2027 475 gladio

237 502 482 532 assecutus
510 503 660 524 essem.
711 493 825 534 Iuro,
853 503 932 534 me,
960 493 996 522 si
1024 503 1112 524 eum
1140 500 1373 525 assecutus
1400 506 1563 535 essem,
1591 496 1729 538 gladio
1767 507 1856 527 eum
1885 500 2027 528 tectu-

241 565 324 596 rum
351 562 520 596 fuisse,
549 560 632 599 qui,
661 557 1016 597 quotiescunque
1043 565 1087 585 os
1114 556 1319 597 adtingit,
1346 558 1546 588 celeriter
1573 558 1784 588 dissecat.
1837 559 2028 589 Hodbahum

235 633 342 658 autem
369 624 555 654 redeuntem
582 621 750 660 nesciisse,
778 630 816 649 se
839 629 919 649 naso
947 618 1128 649 mutilatum
1153 628 1242 659 esse,
1271 618 1371 649 donec
1398 618 1482 658 apud
1509 619 1594 649 viam
1622 624 1720 649 vento
1747 620 1931 661 flanterem
1949 630 2028 651 sen-

240 693 325 720 tiret.
377 688 470 717 Hanc
497 686 536 714 ob
564 693 695 715 causam
721 691 892 712 reversum
918 681 1073 721 Sijadahi,
1104 690 1197 720 quem
1223 681 1306 710 inter
1333 681 1482 710 mulieres
1510 681 1672 720 plorantes
1692 681 1887 720 invenisset,
1915 692 2030 712 nasum

239 756 429 791 amputasse
455 753 489 778 et
515 756 611 786 quum
638 755 706 775 rem
733 744 773 774 ad
800 746 908 774 socios
937 744 1117 784 retulisset,
1145 752 1200 773 eos
1228 742 1370 776 dixisse:
1397 743 1440 773 Ut
1467 753 1580 773 manus
1606 749 1682 774 tuae
1697 745 1836 775 victoria
1852 741 2029 785 potiantur!

237 814 282 844 illi
317 812 444 842 nonnisi
478 818 534 849 pro
568 817 646 838 naso
681 815 780 836 nasus
816 811 1001 845 amputatus
1040 810 1091 835 est
1130 804 1166 842 (i.
1194 814 1222 834 e.
1252 804 1414 835 vindictae
1447 806 1490 835 nil
1517 805 1695 845 addidisti).
1747 807 1839 837 Haec
1865 807 1904 837 ob
1930 808 2031 838 verba

238 885 311 905 eum
340 883 409 904 cum
436 871 560 902 duobus
587 869 677 909 viris,
704 868 756 907 qui
785 867 1009 907 cupiditatibus
1036 877 1162 908 semper
1188 868 1426 909 satisfacerent,
1453 867 1639 898 redeuntem
1666 871 1698 898 in
1727 869 1819 899 humo
1845 868 2032 909 Sijadahum

237 941 284 968 ita
309 933 527 976 percussisse,
557 936 592 961 ut
617 930 721 970 pulmo
748 929 898 969 prodiret.
950 929 1007 959 Sic
1032 930 1149 960 bellum
1176 930 1255 960 inter
1281 935 1446 970 utramque
1471 935 1611 970 gentem,
1641 935 1676 960 ut
1707 940 1790 960 unus
1817 931 1951 961 alterum
1977 931 2033 961 fu-

239 1002 342 1041 geret,
369 997 547 1034 exarsisse,
573 994 680 1023 socios
707 997 815 1022 autem
842 991 985 1031 Sijadahi
1011 991 1163 1022 Saihdum
1190 992 1219 1022 b.
1241 991 1357 1021 Alahzi
1384 997 1450 1022 tum
1478 992 1628 1032 temporis
1646 991 1796 1022 Medinae
1823 993 2031 1034 praefectum,

238 1067 274 1093 ut
300 1070 367 1091 rem
394 1059 615 1097 ulcisceretur,
644 1055 774 1086 adiisse.
825 1055 921 1084 Hunc
947 1054 1237 1092 Ebu-Nomairum‚
1264 1059 1412 1094 patruum
1439 1055 1587 1085 Hodbahi
1611 1058 1644 1085 et
1669 1064 1739 1084 cum
1769 1064 1807 1085 eo
1835 1054 1915 1085 duos
1941 1057 2032 1086 viros

241 1127 350 1162 captos
377 1122 408 1150 in
431 1118 559 1150 vincula
584 1117 782 1155 couiecisse3
816 1115 1005 1146 Hodbahum
1032 1121 1159 1157 autem,
1194 1121 1228 1147 ut
1254 1122 1403 1157 patruum
1433 1118 1604 1156 sociosque
1630 1117 1802 1155 liberaret,
1827 1127 1867 1147 se
1893 1118 1936 1147 illi
1962 1122 2031 1148 tra—

240 1185 363 1216 didisse
392 1182 492 1222 (conf.
520 1191 551 1221 p.
579 1182 626 1211 l⁴⁴vl
653 1181 673 1210 1.
701 1179 787 1219 23.)
840 1180 879 1209 Ei
905 1179 944 1208 ab
971 1180 1034 1209 illis
1061 1180 1218 1210 obiectum
1255 1189 1353 1221 esse,
1391 1179 1475 1219 quod
1510 1181 1601 1220 plura
1636 1179 1770 1210 vulnera
1804 1179 1976 1210 inflixisset
2002 1183 2034 1210 et

242 1247 425 1278 mulieribus
463 1250 618 1275 terrorem
655 1242 832 1273 iniecisset.
892 1242 1081 1273 Hodbahum
1120 1245 1244 1287 carceri
1277 1242 1428 1272 traditum
1463 1242 1512 1272 sic
1547 1242 1704 1272 cecinisse
1743 1238 1851 1284 (metr.
1884 1238 2007 1285 Wafir)
2025 1253 2033 1272 :

242 1303 377 1340 Eheu!
413 1304 594 1336 meridie
621 1309 780 1335 contra
807 1307 847 1334 te
874 1313 1028 1334 corvus
1058 1305 1309 1343 crocitavit‚
1342 1305 1462 1338 eheu!
1493 1306 1534 1335 in
1561 1315 1633 1337 ore
1660 1310 1728 1335 tuo
1755 1308 1930 1344 propter
1956 1304 2034 1335 hoc

243 1378 357 1402 terra
391 1364 468 1400 sit!
522 1369 686 1399 Corvus
725 1367 850 1397 nobis
890 1368 1078 1407 nuntiat,
1117 1371 1263 1397 amatas
1304 1372 1480 1397 nostras
1517 1367 1702 1397 abituras
1740 1375 1850 1397 esse.
1902 1367 1979 1407 Te,
2013 1376 2033 1396 o

243 1444 393 1475 corve,
430 1433 634 1473 privatus
661 1426 756 1461 siml
809 1430 862 1460 Ad
887 1429 1153 1470 Moahwijahum,
1180 1429 1220 1459 ad
1247 1439 1340 1470 quem
1367 1440 1421 1459 res
1448 1440 1468 1460 a
1494 1430 1614 1460 Saihdo
1637 1430 1743 1460 delata
1771 1434 1873 1467 esset,
1899 1429 2035 1459 Hodba-

240 1499 317 1528 hum
344 1507 415 1528 cum
444 1495 670 1526 accusantibus
696 1493 831 1523 missum
857 1500 942 1521 esse.
994 1491 1252 1522 Advenientibus
1281 1498 1348 1523 tum
1383 1493 1563 1534 agminibus
1599 1493 1707 1534 gentis
1734 1491 2034 1522 Banu-Rakaschi

241 1567 275 1592 et
291 1563 399 1602 gentis
414 1557 633 1589 Banu-Ahmir
649 1554 1002 1594 Ahbd-Alrahmanum,
1029 1554 1080 1593 qui
1109 1555 1139 1584 in
1164 1556 1224 1586 illis
1252 1561 1354 1594 esset,
1383 1564 1532 1595 questum
1559 1557 1599 1587 de
1617 1556 1717 1587 caede
1734 1556 1844 1586 fratris
1862 1562 1894 1586 et
1911 1559 2034 1586 terrore

243 1624 426 1655 mulieribus
441 1623 584 1660 incusso,
612 1618 859 1657 Abu-Djabrum
873 1627 915 1646 ex
928 1617 1038 1646 horum
1052 1627 1193 1656 numer0,
1220 1619 1311 1656 quasi
1333 1619 1416 1649 illius
1432 1620 1532 1650 verba
1545 1620 1692 1650 refellere
1709 1620 1821 1657 vellet,
1850 1618 1940 1658 plura
1955 1628 2034 1658 pro-

241 1688 366 1718 tulisse.
395 1684 467 1723 Qua
486 1683 525 1713 de
546 1692 645 1713 causa
658 1680 896 1719 Moahwijahus
924 1688 1019 1718 quum
1046 1680 1257 1721 postulasset,
1286 1685 1318 1711 ut
1335 1682 1525 1723 Hodbahus,
1553 1682 1706 1721 quomodo
1742 1691 1795 1711 res
1821 1690 1860 1711 se
1888 1680 2032 1721 haberet,

243 1749 399 1785 referret,
427 1747 511 1776 hunc
539 1746 773 1784 interrogasse,
799 1752 866 1772 rem
893 1741 1042 1771 versibus
1070 1752 1109 1771 au
1137 1753 1233 1782 prosa
1262 1744 1373 1774 audire
1399 1745 1508 1775 vellet.
1560 1744 1814 1783 Moahwijahum
1841 1743 2032 1784 imperasse,

242 1818 278 1843 ut
304 1821 423 1842 versus
451 1810 620 1849 recitaret,
656 1807 723 1836 fien
748 1815 847 1845 posse
874 1805 1052 1847 dicentem,
1086 1811 1121 1836 ut
1148 1817 1190 1836 ex
1215 1809 1365 1837 versibus
1394 1817 1456 1837 rem
1482 1808 1562 1837 satis
1589 1811 1814 1848 cognosceret.
1868 1806 2032 1836 Prolatum

243 1876 341 1916 igitur
358 1883 434 1903 esse
454 1881 584 1902 carmen
609 1871 736 1910 longum
756 1870 968 1908 sicincipiens
986 1873 1096 1907 (metr.
1109 1870 1274 1911 Thawil):
1302 1870 1433 1902 Eheu!
1463 1881 1480 1900 o
1508 1881 1614 1912 gens
1642 1881 1686 1902 su
1699 1872 1717 1901 b
1731 1881 1779 1900 ve
1792 1871 1834 1900 ni
1861 1870 2034 1901 calami-

245 1937 415 1968 tatibus
453 1933 719 1972 temporique
753 1936 815 1961 etc.
870 1929 940 1968 Quo
967 1931 998 1960 in
1025 1932 1162 1961 carmine
1191 1934 1353 1964 recitando
1382 1943 1474 1972 quum
1502 1933 1540 1963 ad
1567 1934 1669 1963 verba
1694 1933 1916 1972 pervenisset:
1953 1931 2034 1962 Sa-

247 2000 396 2041 gittas
424 1997 606 2028 iecimus
634 1995 886 2035 sagittisque
923 1995 1181 2026 certavimus
1216 2002 1256 2026 et
1291 1998 1432 2026 iactus
1470 2001 1623 2025 noster
1659 1996 1824 2025 animae
1858 1998 2035 2025 mortem

246 2061 437 2101 adtulit,
475 2069 578 2100 quae
614 2068 711 2098 pura
738 2063 776 2087 et
805 2058 997 2097 pretiosa
1024 2063 1128 2088 erat.
1180 2059 1231 2088 Et
1265 2063 1307 2088 tu
1344 2061 1557 2098 princeps
1594 2058 1785 2088 fidelium
1818 2067 1863 2088 es
1892 2062 1931 2087 et
1958 2066 2035 2087 non

247 2127 317 2153 est
346 2122 482 2158 locus,
519 2129 595 2160 quo
623 2125 721 2159 post
749 2124 789 2149 te
816 2129 876 2149 me
903 2119 1102 2157 recipere
1129 2120 1289 2159 possim
1315 2125 1354 2149 et
1381 2120 1440 2150 nil
1466 2125 1558 2160 est,
1591 2120 1697 2159 quod
1725 2126 1770 2150 tu
1797 2121 2034 2160 attingere

248 2195 323 2215 non
349 2184 510 2224 possis
564 2182 615 2210 Et
641 2181 677 2210 si
703 2181 855 2220 opibus
882 2181 1048 2210 nostris
1076 2191 1140 2211 res
1161 2183 1320 2221 expiari
1347 2186 1494 2223 potest,
1521 2192 1598 2212 nos
1625 2183 1664 2213 id
1695 2183 1913 2222 perficere
1943 2190 2034 2221 pos-

249 2256 412 2285 sumus3
451 2247 518 2275 sin
544 2245 761 2284 patientia
789 2254 895 2284 opus
923 2248 1010 2285 est,
1049 2244 1292 2283 patientiam
1318 2254 1396 2274 nos
1425 2245 1732 2276 adhibebimus.
1785 2247 2035 2287 Moahwijalium

250 2310 388 2340 dixisse:
415 2309 461 2337 Te
481 2307 574 2337 audio
594 2307 782 2346 sanguinein
803 2307 880 2336 socii
909 2307 1033 2337 illorum
1047 2307 1182 2337 effusum
1199 2317 1275 2337 esse
1290 2308 1504 2347 profitentem.
1532 2309 1705 2339 Hodbahus
1721 2314 1826 2339 autem
1841 2309 1883 2339 nil
1899 2310 2034 2349 amplius

250 2371 368 2402 addidit
396 2375 427 2399 et
446 2368 679 2407 Abu-Djabrus
707 2377 746 2397 ea
774 2368 969 2407 (promissa)
997 2374 1091 2409 grata
1116 2379 1178 2398 non
1205 2369 1315 2399 habuit
1330 2366 1363 2412 ¹).
1391 2369 1511 2400 Postea
1525 2370 1777 2410 Moahwijahum
1805 2372 2036 2412 interrogasse,

249 2442 323 2462 num
349 2430 501 2471 Sijadaho
529 2429 612 2459 filius
640 2434 728 2459 esset
754 2434 788 2459 et
814 2439 908 2469 quum
940 2439 1126 2469 responsum
1153 2433 1356 2472 accepisset,
1383 2431 1480 2462 filium
1511 2442 1644 2472 parvum
1678 2443 1769 2474 esse,
1801 2443 1872 2463 eum
1900 2433 2035 2464 dixisse:

272 2560 302 2592 1)
321 2561 359 2584 De
378 2563 484 2588 §nesus
504 2565 552 2589 pro
571 2542 655 2590 [xxx-2
681 2558 824 2589 adscripsit
842 2558 926 2590 ιλιαδ,
939 2576 946 2584 .
