2247 2865
976 93 1249 124 —362—

220 194 389 226 wahahum
426 197 655 233 successisse,
696 192 780 233 apud
813 203 906 232 quem
933 192 1161 232 Djadsimahus
1185 194 1212 232 ¹)
1240 197 1335 223 natus
1365 197 1466 222 esset.
1520 191 1583 222 Alii
1610 191 1742 229 dicunt,
1779 202 1871 232 quum
1897 193 2007 224 mulier

220 257 357 299 gravida
369 257 554 288 Sawahaho
582 257 761 297 nupsisset7
788 260 864 295 post
890 260 956 285 tres
983 264 1113 285 menses
1127 255 1368 294 Djadsimahum
1383 259 1491 285 natum
1520 264 1608 284 esse.
1637 255 1757 285 Postea
1772 255 1857 295 Ahja
1877 256 1895 285 b
1918 256 2009 286 'rha-

221 319 278 360 rif,
312 319 352 350 ad
389 329 481 359 quem
509 318 735 360 Djadsimahus
771 318 895 348 adultus
908 339 919 358 9
952 322 987 347 ut
1019 317 1251 347 haereditatem
1288 318 1385 357 patris
1425 319 1622 357 postularet,
1659 318 1829 359 venisset,
1863 329 1900 348 se
1932 329 2005 349 eum

220 380 305 412 haud
331 391 430 411 nosse
458 382 579 419 dicens,
604 379 829 410 haereditatem
857 379 1034 420 denegavit
1060 383 1093 407 et
1118 380 1267 408 camelum
1294 380 1486 420 iuvencum,
1519 390 1578 419 quo
1606 381 1684 411 alter
1714 390 1817 421 genus
1846 381 2007 420 probaret,

222 444 293 490 [p.
317 448 453 489 2115.)
483 445 552 474 loco
582 442 788 473 haereditatis
816 441 989 472 recusavit.
1036 440 1127 478 Quae
1154 450 1205 471 res
1233 442 1262 471 in
1290 451 1389 472 causa
1416 448 1496 484 erat,
1525 453 1582 473 cur
1608 453 1666 483 spe
1694 444 1849 473 frustrata
1867 444 2009 476 diceret:

221 507 330 546 (metr.
362 507 492 547 Camei)
521 505 663 537 Omnia
689 505 787 534 mihi
814 504 1054 542 recusasti3
1081 513 1217 542 neque
1244 504 1460 534 candidam
1489 505 1683 534 maculam
1710 504 1748 533 in
1777 504 1912 533 fronte
1939 503 2008 532 lia-

220 569 322 600 bens
350 569 520 608 (equus)
549 577 683 607 neque
711 565 906 597 unicolor
933 565 1042 610 (mihi
1078 567 1184 606 est),
1223 567 1274 607 qui
1301 577 1419 597 versus
1448 567 1645 607 cognominis
1673 566 1756 606 Ahja
1783 563 1881 604 (μό)
1909 574 2010 595 causa

220 637 302 673 erat,
329 632 412 671 quod
435 631 520 661 filius
545 631 665 662 'l'harifi
692 631 840 661 habebat.
890 629 1089 670 Djadsimahi
1115 633 1223 660 autem
1250 640 1354 671 genus
1382 630 1420 660 ad
1456 634 1586 670 gentem
1608 629 1696 659 Ahbs
1724 629 1868 659 refertur.
1919 628 2008 657 Ean-

219 694 291 724 dem
325 703 448 733 quoque
483 695 522 724 ob
558 703 689 724 causam
717 694 838 723 Kaisus
872 692 908 726 b,v
931 693 1047 723 Sohair
1081 692 1161 723 dixit
1197 692 1306 731 (metr.
1334 692 1501 729 ThawiU:
1540 691 1663 721 Patre
1676 701 1704 720 m
1739 693 1883 720 nostru
1896 699 1924 718 m
1962 688 2009 718 ad

218 761 386 797 gentem
406 756 657 797 Djadsimah
684 756 962 796 pertinentem
990 756 1232 786 invenimus
1250 766 1257 793 3
1286 764 1415 794 neque
1443 764 1517 795 ego
1547 754 1734 784 Ahbsita
1763 761 1845 782 sum
1874 762 2007 792 neque

219 818 266 848 ad
296 823 467 860 gentem
487 818 601 848 Ahbs
629 827 758 859 genus
787 828 914 848 meum
942 818 1107 857 refero;
1134 816 1207 847 sed
1235 826 1308 857 ego
1335 816 1381 846 ad
1409 820 1574 856 gentem
1594 814 1765 844 Fakahs
1793 814 2007 853 pertinens

218 884 300 910 ete
327 880 526 911 Fakahso
553 880 748 910 oriundus
779 889 876 910 sum.

1006 950 1230 983 CKLMH.

675 1015 815 1050 Dixit
839 1016 988 1058 nbajj
1017 1017 1061 1049 Ι».
1086 1017 1302 1050 Hlomfflen
1327 1015 1549 1049 Azmsfim.

316 1090 451 1120 Homam
488 1087 573 1118 filius
603 1089 726 1128 Djabiri
754 1089 783 1118 b.
819 1089 928 1118 Korad
955 1089 984 1118 b.
1011 1089 1182 1119 Machsum
1210 1088 1239 1117 b.
1268 1089 1375 1118 Maleo
1401 1089 1429 1117 b.
1461 1088 1586 1119 Ghalcb
1614 1089 1641 1118 b.
1670 1086 1827 1119 Kothaiah
1858 1087 1885 1115 b.
1916 1086 2007 1117 Ahbs

217 1157 280 1184 est.
320 1152 452 1183 Poenam
479 1139 623 1191 tempore
650 1151 826 1182 Ahntarahi
854 1151 994 1193 vixisse,
1021 1161 1063 1182 ex
1090 1161 1128 1181 eo
1154 1152 1320 1193 concludo,
1347 1152 1430 1192 quod
1458 1158 1574 1192 poetae
1602 1161 1684 1182 avus
1711 1152 1810 1181 frater
1838 1150 1890 1180 avi
1915 1149 2007 1180 Ahn-

215 1215 319 1247 tarahi
346 1219 416 1246 erat
443 1214 545 1245 conf.
574 1214 665 1244 Ham.
692 1215 748 1244 Μ.

214 1314 244 1343 1.
265 1312 428 1343 Chaletlus
450 1314 687 1349 praematuram
710 1314 838 1339 mortem
861 1311 939 1339 milei
961 1314 1095 1350 optavit;
1116 1314 1282 1342 sedonius
1297 1313 1422 1341 invidus
1439 1312 1528 1341 haud
1539 1313 1688 1346 noscitur,
1714 1313 1746 1340 in
1759 1320 1794 1340 eo
1807 1311 1879 1338 boni
1893 1309 1941 1338 nil
1950 1312 2005 1338 est.

313 1382 432 1413 Laudis
460 1390 540 1411 suae
567 1390 698 1411 causam
724 1382 756 1410 in
783 1380 917 1410 Chaledi
944 1381 1016 1411 odio
1044 1381 1151 1424 videt,
1179 1383 1295 1422 quippe
1323 1382 1406 1422 quod
1433 1392 1474 1412 ex
1501 1381 1619 1411 invidia
1646 1385 1750 1411 ortum
1778 1381 1839 1418 sit3
1864 1379 1892 1409 in
1920 1381 2007 1409 invi-

219 1445 302 1476 diam
339 1446 421 1475 enim
455 1445 577 1475 nonnisi
612 1444 650 1473 ob
679 1443 789 1473 merita
816 1442 961 1483 bonaque
997 1444 1193 1475 adducimur.
1246 1446 1301 1475 Sic
1336 1446 1416 1475 alius
1451 1445 1578 1484 quidam
1610 1444 1639 1473 in
1667 1442 1866 1473 hemistichio
1898 1439 2008 1485 (metri

215 1504 362 1550 Basith):
401 1504 571 1553 54043521':
597 1503 643 1548 (315
670 1508 817 1548 Quum-§3
843 1507 882 1553 0⁸
919 1508 1044 1546 Quod
1078 1507 1177 1537 mihi
1214 1507 1430 1546 invident,
1468 1516 1545 1536 non
1583 1510 1670 1546 est,
1709 1514 1785 1534 cur
1818 1513 1896 1533 eos
1935 1503 2004 1532 vi-

215 1576 421 1610 tuperem.

217 1669 248 1697 2.
272 1668 395 1697 Recede
418 1677 436 1695 (ι
459 1667 535 1699 loco,
562 1677 653 1705 quem
675 1667 806 1704 explere
827 1676 890 1695 non
908 1670 1015 1705 potes5
1034 1668 1123 1703 qemi
1143 1669 1224 1695 enim
1248 1666 1338 1695 Altos
1360 1669 1391 1694 et
1411 1666 1553 1702 Dsohjan
1576 1666 1724 1703 defensor
1746 1664 1919 1693 honoratus
1942 1663 2010 1692 est!

314 1737 364 1766 Ex
403 1737 464 1766 hoc
501 1746 602 1766 versu
633 1736 800 1777 videmus,
843 1735 1019 1766 Chaledum
1047 1741 1163 1775 poetae
1189 1736 1293 1776 gentis
1320 1735 1528 1774 principatum
1556 1734 1729 1772 invidisse,
1765 1743 1826 1773 quo
1855 1733 1924 1772 ipse
1952 1731 2003 1762 di-

214 1784 299 1840 gnus
324 1808 386 1828 non
401 1803 510 1838 esset3
538 1808 608 1828 nam
636 1798 846 1837 principatum
875 1804 909 1828 ut
936 1803 1054 1837 teneat,
1080 1799 1203 1828 nonnisi
1231 1800 1258 1828 is
1286 1798 1402 1840 dignus
1429 1803 1491 1835 est,
1520 1800 1572 1837 qui
1597 1801 1725 1838 gentem
1755 1802 1867 1826 contra
1892 1796 2004 1826 hostes

215 1862 297 1892 tueri
323 1866 442 1901 potest.
497 1861 601 1899 Quum
629 1862 763 1891 verbum
789 1866 848 1891 „xm
874 1862 904 1891 in
931 1861 1090 1901 opplenda
1114 1862 1192 1891 rima
1222 1866 1254 1890 et
1281 1860 1399 1890 fissura
1426 1859 1633 1900 adhibeatur,
1673 1860 1762 1889 locus
1789 1859 1840 1888 iile
1865 1861 2005 1888 rimosus

215 1923 404 1965 cogitandus
433 1928 502 1965 est,
531 1925 580 1963 qui
608 1929 776 1963 reparetur
803 1934 940 1954 necesse
967 1926 1034 1963 sit3
1070 1923 1162 1953 huius
1190 1923 1270 1952 enim
1295 1920 1464 1960 primariae
1490 1921 1580 1950 verbi
1615 1921 1858 1962 significationis
1894 1921 1923 1950 in
1953 1923 2004 1950 in-

215 1985 420 2024 terpretando
448 1986 527 2015 ratio
554 1985 699 2016 habenda
726 1990 788 2015 est.
842 1986 984 2016 Litterae
1010 1980 1030 2019 ὁ
1061 1984 1326 2024 (praepositioni)
1354 1982 1491 2023 negandi
1518 1992 1630 2013 nomen
1664 1983 1829 2024 dederunt,
1865 1983 2004 2014 futurum

214 2047 392 2077 Nasbatum
431 2057 472 2077 ex
507 2047 626 2077 omisso
652 2044 692 2092 'Oi
719 2047 858 2087 pondere
894 2047 1039 2078 dicentes
1079 2046 1203 2085 (conf.
1241 2045 1349 2076 Grani.
1382 2046 1478 2075 Arab.
1507 2046 1543 2076 T.
1571 2046 1609 2074 ΙΙ.
1638 2056 1667 2085 p.
1696 2045 1776 2080 604.
1807 2049 1838 2077 et
1872 2046 2005 2086 Alfiyya

217 2120 248 2148 p.
281 2108 348 2138 168
378 2106 442 2151 sq.)
494 2110 712 2140 Accusativus
751 2111 840 2141 vocis
874 2108 949 2159 3525:
975 2110 1006 2139 in
1040 2118 1079 2139 eo
1105 2117 1238 2138 causam
1271 2107 1388 2148 habet,
1424 2107 1508 2147 quod
1535 2111 1653 2137 statum
1681 2107 1840 2149 designat.
1892 2109 2003 2138 Verba

215 2172 297 2201 enim
323 2171 405 2201 hunc
432 2180 562 2201 sensum
593 2172 750 2202 offerunt:
777 2170 867 2218 (42ss:
885 2183 958 2220 ὀξὺ-,ε
984 2169 1094 2217 ῢῳό,
1123 2182 1204 2212 w:
1231 2181 1281 2216 σε
1309 2163 1460 2210 υρῖὀὸῒγ
1513 2170 1656 2200 Similem
1694 2171 1840 2211 loquendi
1879 2170 2003 2200 modum

214 2234 290 2264 vide
318 2233 348 2263 in
376 2233 613 2265 Amru—I‘Kaisi
638 2234 748 2265 Moall.
775 2244 808 2265 v.
836 2234 868 2265 3.

1005 2303 1218 2337 cxlmv.

951 2369 1092 2403 Dixit
1113 2370 1258 2403 idem·

212 2438 240 2467 1.
268 2438 485 2476 Turpitudim's
507 2439 631 2468 adiutor
653 2447 709 2475 eqo
731 2446 796 2467 non
817 2447 905 2475 sum,
928 2441 966 2467 ut
985 2438 1064 2467 milti
1082 2439 1281 2467 adscribatur
1288 2447 1299 2475 ,⁵
1321 2439 1380 2467 sed
1399 2439 1492 2468 rebus
1508 2438 1652 2476 lut-pibus
1670 2438 1828 2466 adiutores
1845 2437 1902 2465 alii
1914 2441 2001 2466 sunt.

302 2507 403 2538 Poeta
431 2508 469 2537 ob
497 2508 611 2538 bonam
638 2506 755 2549 agendi
780 2506 935 2537 rationem
962 2516 999 2536 se
1026 2506 1154 2548 laudat,
1182 2506 1256 2537 dum
1282 2507 1333 2537 alii
1360 2517 1460 2547 prave
1487 2512 1597 2549 agunt.
1650 2506 1730 2537 Voci
1756 2503 1817 2547 ,ἐν
1844 2505 2002 2544 duplicem

229 2591 256 2617 ι)
275 2589 313 2613 De
331 2590 391 2614 viro
410 2591 488 2614 huius
506 2590 621 2614 nominis
639 2591 764 2614 conferas
782 2590 1024 2621 Citab-Alaghani.
