2247 2865
997 90 1270 122 ——318—

240 195 394 226 medicam
419 194 501 224 inter
527 193 654 224 Arabes
681 192 766 223 haud
793 193 941 223 usitatum
968 197 1084 231 postea
1111 191 1280 223 adhibitum
1297 200 1383 221 esse.
1411 191 1534 222 Arabes
1553 191 1628 222 filiis
1646 191 1773 222 nomina
1790 192 2030 234 prophetarum,

239 262 272 288 ut
298 258 426 287 salvum
453 256 534 295 ipsis
562 260 686 292 essent,
714 254 919 293 imposuisse.
973 254 1045 283 noc
1072 252 1214 283 admisso
1235 258 1383 292 tanquam
1402 263 1518 284 nomen
1533 254 1749 294 peregrinum,
1778 263 1876 293 quum
1898 255 2031 284 articulo

243 320 407 351 definitum
422 328 485 349 non
498 319 553 359 sit,
573 318 620 348 -ad
636 317 875 348 declinationem
892 315 1067 345 secundam
1081 315 1243 353 pertinere
1259 314 1387 352 (Gram.
1404 316 1460 344 Ar.
1483 316 1520 345 Τ.
1540 316 1565 345 Ι.
1589 325 1618 355 p.
1645 315 1717 346 408
1745 316 1812 355 sq.)
1843 315 1921 354 (sed
1946 316 2030 346 beat.

238 383 279 413 de
305 383 436 422 Sacyus
464 383 560 425 ²33*st
578 377 597 409 “b
616 378 654 426 Ol
685 377 1029 409 indeclinabilem
1055 386 1152 406 esse
1180 377 1351 417 legendum
1379 379 1552 418 opinatur).
1580 381 1703 410 Vocem
1730 384 1837 411 autem
1859 391 1958 426 &aas
1981 380 2032 410 in-

237 449 461 483 strumentum,
489 453 549 483 quo
579 443 677 472 barba
695 441 869 482 abraditur,
897 439 1143 481 significantem,
1172 439 1339 480 cuigenus
1354 442 1562 472 masculinum
1579 447 1610 473 et
1626 442 1808 472 femininum
1821 444 1876 484 sit,
1903 442 1933 471 si
1958 451 2031 472 cum

237 518 359 550 genere
386 507 562 537 masculino
590 510 736 544 tanquam
762 514 877 534 nomen
906 504 975 533 viro
1003 501 1135 531 inditum
1163 501 1218 542 sit,
1246 511 1341 540 quum
1368 503 1411 532 sit
1437 503 1537 534 forma
1563 505 1716 544 participii
1745 505 1880 546 passivi,
1906 505 1947 536 ad
1974 515 2031 536 se-

239 570 374 601 cundam
401 569 642 599 declinationem
659 568 831 607 pertinere,
860 568 909 597 sin
938 575 1018 596 vero
1046 566 1117 595 voci
1147 574 1249 605 genus
1273 564 1453 595 femininum
1481 566 1535 607 sit,
1565 569 1701 598 articulo
1728 568 1854 598 adiecto
1881 578 1944 598 non
1970 568 2032 599 de-

238 633 369 671 clinari3
397 631 467 660 sine
495 630 628 660 articulo
658 635 765 660 autem
794 629 1012 660 declinabilem
1039 637 1125 658 esse.
1179 627 1267 657 Esse
1293 637 1440 669 quoque,
1479 629 1529 668 qui
1556 630 1694 660 litteram
1722 630 1789 661 Alis
1813 632 1850 670 (i.
1879 642 1907 661 e.
1933 646 1971 672 ις
2001 633 2031 661 in

236 690 316 735 fine)
346 693 486 722 feminini
513 692 638 733 signum
663 701 738 723 esse
767 692 884 722 dicant.
937 692 1009 721 Hoc
1036 690 1064 720 si
1092 700 1203 719 verum
1232 691 1290 730 sit,
1318 700 1431 721 vocem
1457 701 1563 731 neque
1588 697 1645 722 aut
1671 693 1833 724 definitam
1859 698 1914 725 aut
1940 695 2032 725 inde-

238 750 440 796 (ll-1280)
465 755 586 785 finitam
606 755 824 786 declinabilem
848 766 935 789 esse.
966 757 1051 786 Esse
1074 757 1182 794 etiam,
1212 756 1265 794 qui
1280 754 1417 784 radicem
1432 753 1499 795 Uul»,
1514 756 1637 786 mediae
1653 770 1690 796 ὁ
1709 765 1781 786 cum
1800 757 2032 797 significatione

237 818 409 850 secandi
436 828 513 848 esse
540 818 654 848 dicant.
708 818 793 848 Huic
820 819 1010 849 contrarium
1047 828 1144 855 esse,
1187 818 1270 857 quod
1299 818 1431 848 verbum
1458 827 1528 848 cum
1555 818 1619 849 ista
1644 818 1879 860 significatione
1908 829 1927 849 a
1952 820 2032 850 bene

237 881 438 922 loquentibus
468 890 529 910 non
556 880 754 910 adhibeatur.
807 881 861 910 Nil
890 881 1025 920 denique
1055 881 1200 922 obstare,
1228 883 1299 921 quin
1327 892 1345 912 a
1373 882 1473 911 verbo
1500 879 1567 922 QL‘
1594 881 1779 920 (inclinatus
1806 886 1859 911 est
1883 881 1914 912 in
1941 882 2033 913 ince-

237 945 359 983 dendo)
387 944 570 983 derivetur,
598 945 716 982 quippe
743 943 988 973 instrumentum
1016 944 1045 972 in
1073 944 1212 974 radendo
1241 944 1333 974 modo
1361 944 1421 975 huc
1447 944 1540 974 inodo
1568 944 1642 974 illuc
1668 945 1698 974 in
1724 944 1831 984 capite
1857 949 2033 979 moveatur,

236 1007 473 1040 Grammaticus
502 1006 702 1036 Abu-l'Fath
730 1010 837 1036 autem
865 1007 1002 1045 putavit,
1032 1007 1152 1036 Musa
1180 1016 1293 1036 nomen
1310 1007 1514 1047 peregrinum
1532 1016 1615 1046 esse,
1640 1011 1675 1037 ut
1693 1007 1756 1036 alia
1770 1007 1896 1038 nomina
1913 1017 1965 1038 ex.
1983 1018 2032 1049 gr.

238 1071 345 1101 Ismail
370 1075 430 1103 etc,
481 1070 538 1100 Sin
568 1074 674 1099 autem
702 1079 815 1100 vocem
842 1069 1095 1100 indeclinabilem
1126 1080 1222 1109 esse,
1260 1071 1329 1109 quis
1360 1070 1456 1108 (licat,
1484 1080 1545 1101 non
1575 1071 1659 1110 quod
1687 1071 1859 1111 peregrina
1883 1080 1950 1101 vox
1972 1072 2033 1110 sit;

239 1133 299 1163 sed
326 1132 410 1172 quod
437 1141 538 1173 genus
566 1133 749 1162 femininum
778 1132 893 1163 habeat
919 1137 952 1162 et
978 1132 1060 1171 quod
1089 1132 1183 1162 simul
1209 1132 1372 1162 definitum
1401 1134 1454 1170 sit,
1482 1135 1529 1163 rei
1555 1133 1706 1163 rationem
1733 1133 1888 1171 quandam
1916 1133 2033 1163 adferri

238 1205 357 1236 posse3
391 1194 450 1224 sed
478 1196 566 1233 prius
595 1195 838 1234 praeferendum
867 1205 956 1235 esse,
987 1200 1022 1225 ut
1048 1205 1114 1226 vox
1142 1195 1278 1225 caeteris
1306 1195 1450 1225 eiusdem
1467 1195 1596 1236 generis
1614 1195 1791 1224 nominibus
1808 1195 2032 1235 prophetarum

236 1259 348 1289 similis
376 1258 429 1298 sit,
459 1259 574 1298 quippe
602 1259 631 1288 in
661 1258 775 1297 quibus
805 1263 956 1298 tanquam
983 1258 1159 1288 nominibus
1187 1257 1373 1288 adhibendis
1400 1259 1538 1288 salutem
1569 1259 1628 1288 sibi
1656 1257 1872 1299 inveniant¹).

236 1371 265 1400 1.
290 1370 319 1400 0
337 1379 417 1407 qens
440 1368 532 1398 mea!
551 1371 679 1397 nonnisi
701 1371 819 1398 invitus
839 1373 963 1406 portam
983 1370 1141 1406 principis
1161 1372 1192 1397 et
1211 1369 1400 1398 cubicularii·
1423 1369 1583 1406 repulsum
1606 1370 1725 1406 mlpelo.

337 1452 446 1482 Vitam
474 1455 686 1490 campestrem
711 1461 748 1480 se
776 1451 863 1480 vitae
892 1451 922 1480 in
950 1451 1094 1490 oppidis,
1122 1451 1151 1480 in
1179 1451 1252 1480 aula
1283 1451 1432 1491 principis
1460 1451 1644 1492 praeferre,
1685 1452 1778 1481 simul
1806 1452 1850 1482 rei
1878 1453 2033 1491 quandam

237 1522 367 1542 causam
404 1511 575 1551 adferens.
624 1512 704 1550 quod
740 1512 922 1542 cubicularii
960 1513 1090 1551 repulsa
1124 1513 1153 1541 in
1188 1513 1260 1543 aula
1295 1514 1443 1553 principis
1479 1513 1573 1543 valde
1610 1516 1737 1554 ing-rata
1773 1517 1825 1544 sit.
1888 1517 1923 1545 ln
1959 1517 2032 1546 istis

239 1577 348 1606 verbis
378 1576 468 1615 latet,
496 1585 533 1604 se
561 1576 658 1604 vitam
687 1576 827 1615 liberam,
857 1585 1044 1614 quamquam
1074 1579 1260 1614 paupertate
1288 1585 1423 1614 pressus
1450 1576 1504 1615 sit.
1519 1576 1608 1606 vitae
1627 1576 1811 1606 commodae
1827 1577 2032 1616 praehabere.

239 1639 316 1668 Vox
343 1634 409 1683 wj(
439 1642 555 1667 statum
583 1637 719 1666 subiecti
747 1638 777 1666 in
804 1648 886 1667 voce
914 1637 1023 1683 κέρως
1050 1638 1200 1667 describit
1264 1638 1391 1667 Versus
1428 1647 1545 1667 sensus
1582 1642 1646 1668 est:
1687 1638 1732 1668 Se
1765 1648 1922 1677 nunquam
1951 1639 2033 1671 dona

237 1701 418 1740 cupientem
446 1700 622 1739 principum
660 1699 771 1729 domos
810 1700 914 1740 adire,
954 1701 1078 1729 nonnisi
1116 1699 1315 1730 necessitate
1350 1705 1496 1730 coactum
1532 1700 1729 1739 invitumque
1768 1710 1806 1729 se
1844 1701 1873 1731 id
1914 1702 2030 1732 facere.

242 1764 332 1792 Duas
359 1765 463 1792 autem
491 1771 543 1791 res
573 1770 633 1790 non
661 1762 901 1802 coniungendas
931 1768 1027 1801 poeta
1054 1748 1226 1792 coniunxit.
1280 1763 1392 1792 Plures
1408 1762 1531 1801 quidem
1557 1769 1644 1803 sunt,
1673 1765 1724 1803 qui
1742 1765 1890 1804 principis
1909 1771 2031 1805 portam

240 1825 328 1855 adire
357 1825 504 1864 cupiant;
533 1834 626 1854 nemo
653 1831 758 1855 autem
788 1825 947 1863 repulsam
977 1826 1162 1855 cubicularii
1190 1826 1288 1865 cupit.

239 1936 271 1963 ἓ.
295 1933 365 1962 Alii
384 1935 446 1962 viri
467 1936 544 1962 sunt
565 1934 712 1970 cuspides
735 1936 860 1971 aculae,
885 1934 941 1962 alii
963 1935 1061 1966 armi,
1087 1944 1217 1971 quorum
1239 1936 1421 1970 praesentia
1444 1936 1547 1964 instar
1569 1936 1731 1964 absentiae
1753 1941 1809 1965 est.

337 2016 466 2046 Variam
496 2017 637 2045 virorum
666 2015 781 2056 agendi
811 2016 962 2045 rationem
991 2015 1176 2044 describens
1206 2019 1324 2054 partein
1352 2025 1421 2045 cum
1449 2017 1637 2055 cuspidibus
1661 2018 1776 2058 acutis,
1807 2028 1890 2058 quae
1921 2020 1950 2049 in
1973 2029 2034 2051 rem

242 2083 423 2119 penetrant,
452 2083 572 2117 partem
601 2088 671 2108 cum
689 2079 833 2118 igniario,
864 2087 881 2107 ο
912 2087 973 2116 quo
1000 2078 1029 2106 si
1058 2077 1190 2106 scintilla
1219 2077 1373 2106 elicienda
1400 2083 1463 2115 est,
1493 2079 1522 2108 id
1550 2080 1619 2108 sine
1647 2079 1752 2109 labore
1780 2089 1840 2109 uon
1868 2080 1914 2121 fit‘,
1942 2090 2034 2111 com-

241 2142 378 2180 paravit.
432 2140 552 2179 Cuspis
582 2145 753 2179 penctrans
781 2141 810 2169 in
839 2140 999 2179 proverbii
1028 2148 1120 2169 usum
1149 2139 1237 2168 venit
1265 2138 1365 2167 conf.
1393 2139 1490 2173 Meid,
1512 2140 1570 2180 25,
1600 2141 1678 2171 142.
1731 2141 1774 2171 Ut
1800 2143 1911 2182 cuspis
1939 2147 2033 2172 acuta

240 2205 332 2236 facile
357 2205 387 2233 in
415 2214 479 2233 rem
509 2208 666 2243 penetrat,
695 2206 742 2233 sic
771 2205 828 2233 viri
858 2204 988 2233 strenui.
1042 2202 1125 2232 Fieri
1153 2206 1273 2241 potest.
1303 2208 1336 2232 ut
1365 2202 1426 2231 isto
1454 2204 1654 2242 comparandi
1684 2204 1777 2234 modo
1793 2205 1851 2233 viri
1873 2204 2033 2245 ingenium

239 2272 273 2298 et
299 2267 350 2296 vis
377 2266 543 2296 indicetur.
596 2265 754 2295 Particula
781 2262 814 2293 ό
841 2264 1053 2304 comparando
1082 2264 1264 2293 inserviens
1292 2263 1412 2293 omissa
1441 2268 1500 2294 est.
1554 2265 1753 2296 Lancearum
1781 2266 1929 2296 durarum
1950 2276 1978 2305 p.
1996 2269 2032 2297 ΙΓἹ

263 2376 292 2405 1)
312 2376 401 2398 Locus
420 2376 453 2398 ad
473 2374 584 2397 verbum
603 2373 640 2396 sic
660 2373 806 2395 vertendus
826 2375 878 2395 est:
897 2373 926 2395 si
945 2373 1024 2396 dicis:
1045 2374 1113 2403 quod
1125 2373 1224 2396 adtinet
1236 2374 1267 2396 ad
1281 2373 1314 2403 id,
1333 2374 1528 2403 quodnegasti,
1548 2380 1643 2397 vocem
1653 2375 1721 2398 haud
1733 2375 1872 2405 declinari,
1891 2377 2034 2404 propterea

308 2422 378 2451 quod
397 2421 503 2444 definita
521 2422 570 2449 sit;
590 2427 640 2450 ego
659 2426 765 2447 censeo,
786 2425 838 2441 reni
858 2419 989 2447 accidere,
1009 2419 1077 2448 quod
1099 2425 1150 2440 vox
1169 2418 1244 2441 simul
1266 2419 1372 2442 definita
1392 2419 1428 2442 sit
1447 2423 1472 2443 et
1490 2427 1576 2450 genus
1596 2422 1746 2444 femininum
1767 2421 1871 2449 habeat,
1892 2427 1943 2443 nou
1963 2422 2032 2450 quod

308 2474 451 2504 peregrina
474 2474 507 2496 sit
533 2477 581 2496 etc.
627 2474 725 2496 Beatus
753 2472 784 2495 de
812 2473 920 2500 Sat-sus
948 2475 1036 2494 autem
1066 2472 1217 2501 suspicatus
1246 2475 1302 2501 «est,
1336 2474 1476 2503 legendum
1503 2481 1580 2498 esse:
1615 2466 1677 2514 “553
1703 2467 1796 2514 0322?
1821 2469 1859 2513 Ol
1891 2467 1982 2513 4:²55&
2010 2470 2032 2497 la

305 2524 407 2558 145&ss
433 2524 452 2555 ὃ
479 2524 626 2565 ὼῇἇὶὲἑᾶἲ,
645 2523 778 2569 &gladi
805 2521 930 2576 ξὶιὶζ>ὅ
946 2529 995 2566 >⁹²
1023 2522 1075 2555 LA}
1104 2523 1205 2562 ἰζ-αξὶΠ
1231 2528 1315 2569 2³:570:
1342 2528 1437 2569 '⁵⁵:⁸²3
1466 2533 1512 2555 sed
1550 2533 1575 2555 in
1610 2536 1682 2555 textu
1715 2531 1752 2553 nil
1787 2531 1940 2553 mut-‘indum
1973 2537 2033 2554 esse

311 2585 383 2613 puto.
419 2582 520 2606 Confer
538 2583 568 2605 de
587 2582 687 2612 causis,
708 2589 755 2605 cur
774 2582 891 2622 Arabum
911 2580 1077 2612 grammatici
1096 2586 1189 2604 vocem
1208 2581 1422 2605 indeclinabilem
1442 2585 1542 2612 putent,
1564 2581 1691 2611 Agrumia
1709 2587 1734 2610 p.
1752 2580 1788 2603 ⁴8
1806 2587 1860 2610 sqq.
