2247 2865
982 93 1251 124 —405—

226 204 360 236 passu
401 198 544 226 instar
581 194 688 235 pulli
721 193 1068 225 struthiocameli.
1129 193 1395 224 camelorum
1429 197 1681 223 vestrorum
1718 199 1895 232 pectora
1921 194 2011 224 ele-

224 263 348 296 vate,
388 267 407 288 o
435 257 523 288 tilii
549 257 743 298 Lobnae,
777 264 864 286 nam
893 264 1006 286 mors
1033 256 1176 297 gentis
1204 256 1319 295 peior
1343 251 1367 297 ¹)
1406 260 1474 285 est
1509 264 1621 294 quam
1649 256 1806 284 macies
1862 257 1907 286 Et
1935 265 2009 285 vos

224 328 357 358 neque
383 318 614 350 coirsilium
640 327 767 348 meum
792 325 922 356 neque
951 316 1213 357 prudentiam
1249 317 1545 357 intelligetis,
1583 316 1716 346 donec
1752 318 1906 358 locum,
1944 318 2011 348 ubi

224 381 388 422 palmae
415 377 746 423 proveniuint‘2)‚
783 380 958 410 vidctiS.
1014 381 1063 409 Et
1089 380 1124 409 si
1153 379 1275 410 corde
1309 378 1498 409 vecorde
1539 378 1716 407 suis-sem
1752 378 2011 417 praeditus,

223 453 346 484 quum
373 443 550 474 bostium
577 447 686 472 terra
714 447 966 483 appareret,
993 453 1129 483 neque
1166 452 1332 473 amarus
1360 452 1490 481 neque
1519 442 1665 471 dulcis
1703 442 1784 476 (nil
1822 440 2011 481 dicens),

223 514 297 544 per
315 510 474 535 montes
494 505 651 534 llarsan
676 505 903 536 rediissem
919 504 1015 550 (conf.
1032 506 1124 535 llam.
1141 508 1222 544 pira
1239 505 1257 534 l.
1272 506 1292 534 5
1315 501 1400 546 infr.)
1421 509 1496 534 tem
1510 515 1526 543 p
1540 514 1556 532 0
1570 515 1610 533 re
1639 514 1656 543 q
1669 513 1715 533 uo
1732 504 1918 533 :italicus
1945 503 2012 533 di-

223 568 307 600 xit:
334 562 516 598 Peribis!
545 572 585 597 et
613 577 707 597 num
736 568 782 597 ob
801 568 1069 598 desiderium
1089 570 1154 598 vir
1181 569 1257 597 mei
1284 568 1440 596 similis
1462 562 1773 605 vituperatur?
1803 566 2012 595 Fortasse

223 630 312 661 iter
338 639 468 661 meum
496 640 567 670 per
595 635 738 660 terras
767 637 807 661 et
835 632 1010 662 camelus
1037 642 1150 661 meus
1179 636 1219 660 et
1247 630 1353 670 quod
1382 635 1532 669 pectus
1553 629 1698 658 cameli
1718 628 1823 657 sella
1843 628 2012 666 instruo,

222 693 449 734 aliquando
476 693 524 724 ad
550 694 757 724 dominum
786 696 974 736 agminis
1001 694 1244 724 camelorum
1273 693 1410 732 ducet,
1451 692 1518 731 qui
1547 690 1815 730 repugnantia
1842 694 1881 718 et
1908 698 2013 718 ava-

220 757 325 786 ritia
351 755 387 786 id
416 756 621 797 defendit,
658 756 760 795 quod
787 757 908 796 pauci
942 762 1187 795 sequuntur
1226 761 1259 785 et
1293 755 1390 784 eius
1425 755 1657 784 vindictam
1692 758 1853 792 petens,
1892 760 2013 791 quum

221 822 300 848 tam
327 819 549 857 equitibus
577 829 693 859 quam
718 820 948 859 peditibus
969 819 1007 849 id
1025 819 1221 848 inclamo.
1257 818 1605 856 Quotiescunque
1626 817 1660 845 in
1682 816 1854 845 deserto
1873 819 2013 845 castra

221 881 442 922 ponimuS,
473 881 511 911 in
550 882 645 912 loca
676 882 930 922 speculandi
963 882 1285 922 speculatorem
1312 881 1457 910 instar
1485 879 1626 909 trunci
1664 878 1842 907 arboris
1878 875 2014 906 mitti-

220 952 329 982 mus,
366 944 404 973 in
432 949 555 974 terra
589 944 717 984 plana
744 944 891 975 oculos
927 945 1360 984 circumvertentem,
1396 943 1484 972 dum
1519 941 1662 972 cameli
1698 941 1938 980 quiescunt
1971 942 2014 968 et

220 1006 399 1037 ahenum
426 1012 618 1037 nostrum
646 1007 786 1037 bullit.
832 1008 974 1037 Causam
998 1012 1114 1047 autem,
1142 1016 1199 1037 cur
1227 1013 1323 1046 poeta
1348 1003 1507 1042 είςίῑωὶἱ
1536 1010 1602 1051 335:
1633 1002 1797 1034 »Ohrwali
1814 1011 2011 1041 pauperum«

219 1069 455 1110 appellaretur,
495 1069 589 1099 talem
616 1070 717 1100 fuisse
744 1074 882 1100 narrant.
936 1071 1029 1100 Anno
1055 1070 1176 1110 sterili,
1213 1078 1274 1107 quo
1302 1069 1444 1098 homines
1481 1073 1658 1108 aegrotos,
1699 1066 1819 1096 debiles
1847 1070 1878 1094 ct
1905 1070 2013 1094 aetate

217 1137 390 1171 provectos
415 1133 446 1162 in
471 1132 615 1163 domibus
644 1134 878 1174 relinquerent,
906 1136 989 1165 tales
1017 1145 1058 1165 ex
1084 1144 1144 1164 sua
1170 1133 1288 1164 familia
1316 1141 1386 1161 cum
1413 1139 1650 1171 congregasse,
1679 1138 1760 1168 quos
1788 1128 1933 1158 domibus
1961 1126 2013 1157 ef-

219 1194 318 1224 fossis
339 1194 370 1234 3)
410 1199 444 1224 et
479 1205 521 1225 ex
555 1196 721 1226 arboribus
757 1197 847 1226 caula
884 1203 1052 1228 exstructa
1089 1198 1189 1227 aleret
1219 1200 1251 1226 et
1277 1195 1424 1224 vestiret.
1479 1194 1619 1230 Quorum
1646 1197 1752 1222 autem
1779 1191 1805 1221 si
1832 1192 1902 1229 quis
1930 1190 2016 1220 vires

219 1263 457 1297 recuperasset,
486 1267 556 1287 cum
585 1260 723 1289 caeteris
751 1269 822 1289 eum
850 1262 881 1289 iu
909 1260 1165 1299 expeditionibus
1196 1259 1330 1298 exiisse,
1358 1257 1459 1286 donec
1490 1256 1604 1295 pabulo
1634 1255 1812 1285 abundante
1839 1254 1888 1283 lac
1914 1253 2017 1283 habe-

217 1325 298 1349 rent.
351 1321 431 1350 Tum
455 1330 536 1350 anno
563 1323 664 1352 sterili
692 1328 844 1353 cessante
872 1323 999 1353 cuilibet
1027 1322 1066 1352 ad
1094 1328 1223 1362 gentem
1252 1330 1341 1349 Suam
1368 1320 1513 1350 redeunti
1554 1318 1692 1358 praedae
1729 1324 1850 1356 partem
1887 1321 2014 1355 poetam

217 1381 434 1420 distribuisse,
462 1389 495 1413 ut
522 1367 660 1414 nonnulli
690 1384 807 1414 divites
835 1385 985 1415 redirent.
1014 1386 1121 1424 lpsum
1144 1384 1338 1414 Ohrwahum
1360 1392 1532 1422 pauperem
1554 1381 1663 1410 ruisse.
1694 1381 1805 1410 Virum
1823 1385 1942 1418 antem,
1963 1377 2014 1407 cui

218 1455 334 1475 nomen
355 1445 510 1485 Aschjam
541 1447 570 1475 b.
596 1446 766 1476 Seliaraliil
794 1448 823 1476 b.
852 1447 1093 1477 Alibd-Ridlia
1120 1452 1180 1476 etc.
1208 1444 1357 1482 usgue-'x
1384 1443 1465 1484 ὀψο
1494 1444 1636 1473 »inansio
1665 1450 1858 1482 pauperum«
1888 1449 2013 1481 cogno-

217 1506 367 1536 minatum
405 1517 502 1547 esse,
538 1507 618 1546 quod
646 1518 806 1547 pauperes
833 1509 935 1538 aleret
962 1512 993 1538 et
1019 1510 1122 1549 donis,
1150 1514 1182 1539 ut
1209 1509 1326 1538 divites
1356 1512 1479 1546 essent,
1508 1505 1664 1535 efficeret.
1716 1505 1858 1534 Narrant
1885 1511 2009 1541 quoque

217 1567 416 1598 Ohrwahum
445 1574 588 1609 tempore
615 1570 726 1599 hiemis
755 1570 957 1601 vehementis
985 1581 1079 1610 quum
1107 1571 1199 1600 caula
1225 1571 1311 1600 facta
1338 1569 1515 1598 hominibus
1544 1568 1649 1608 gentis
1670 1576 1748 1595 suae
1768 1570 1934 1604 quaestum
1960 1563 2013 1593 sa-

216 1636 328 1672 ceret,
357 1632 488 1671 primum
516 1632 595 1662 duas
624 1633 732 1663 fuscas
767 1635 908 1663 camelas
944 1633 1093 1673 adeptum
1127 1642 1224 1673 esse,
1253 1641 1384 1671 quorum
1414 1640 1474 1659 una
1510 1633 1644 1658 mactata
1680 1628 1709 1656 in
1746 1628 1847 1656 altera
1881 1625 2013 1654 infirmis

216 1698 250 1723 et
276 1694 466 1724 utensilibus
494 1695 650 1733 impositis
678 1696 716 1725 ab
745 1706 805 1725 nno
835 1697 902 1725 loco
931 1697 960 1726 in
987 1697 1122 1726 alterum
1150 1696 1405 1735 transmigraret.
1447 1692 1497 1722 Ad
1518 1702 1629 1731 aquam
1658 1692 1789 1720 Mawan
1816 1690 2009 1728 appellatam

215 1756 297 1786 inter
324 1756 393 1786 loca
420 1757 587 1786 Aluakdali
617 1763 649 1787 et
679 1758 853 1788 Rabadsah
883 1760 1000 1788 castris
1036 1759 1170 1798 posius,
1211 1759 1280 1788 Deo
1315 1758 1445 1786 volente
1481 1765 1552 1785 eum
1589 1754 1750 1783 invenisse
1787 1759 2009 1790 possessorem

215 1824 346 1849 centum
373 1821 577 1857 camelorum,
604 1829 684 1859 quas
713 1821 840 1861 fugiens
869 1831 910 1850 ex
936 1821 1063 1851 camelis
1093 1823 1224 1860 primum
1246 1820 1496 1859 parturientibus
1517 1817 1654 1847 familiae
1673 1825 1751 1845 suae
1769 1808 2009 1854 abduxisset⁴);

472 1886 556 1923 'offic
583 1884 725 1913 camelae
753 1883 982 1924 designantur,
1018 1893 1098 1922 quae
1125 1884 1257 1922 primum
1286 1882 1335 1911 lac
1361 1882 1392 1910 in
1419 1881 1568 1910 uberibus
1597 1880 1714 1909 liabent
1740 1883 1772 1907 et
1799 1875 2008 1916 mulgentur).

456 1908 485 1934 u

216 1943 297 1978 Viro
327 1944 435 1973 occiso
463 1950 495 1974 et
524 1945 662 1974 camelos
692 1950 724 1975 et
753 1955 884 1974 uxorem
920 1945 979 1974 viri
1017 1945 1179 1984 pulchram
1219 1953 1288 1974 eum
1324 1946 1451 1982 cepisse
1487 1946 1518 1972 et
1550 1942 1593 1971 ad
1627 1941 1750 1971 caulam
1786 1939 2012 1969 advenientem

215 1882 319 1921 (voce
348 1883 429 1912 enirn

215 2006 354 2037 camelas
383 2008 542 2040 mulsisse.
595 2009 713 2038 Postea
739 2009 779 2038 ad
805 2018 884 2038 suos
912 2009 1064 2038 reducem
1093 2008 1232 2038 camelos
1260 2005 1474 2043 distribuisse,
1503 2005 1545 2033 ita
1572 2008 1604 2034 ut
1630 2003 1754 2032 nonnisi
1782 2002 1924 2041 portione
1951 2009 2010 2029 ae-

216 2070 298 2110 quali
325 2071 462 2100 caeteris
490 2071 545 2100 sibi
572 2075 676 2100 sumta
701 2080 834 2100 uxorem
861 2071 921 2100 sibi
947 2071 1089 2110 eligeret.
1144 2070 1215 2108 Qua
1242 2079 1276 2099 re
1304 2069 1411 2098 socios
1438 2066 1522 2097 haud
1556 2071 1725 2096 contentos
1760 2067 1907 2094 iurasse:
1944 2062 2007 2099 Pef

236 2166 264 2197 1)
285 2168 335 2190 Pro
354 2173 422 2190 voce
438 2163 480 2206 50⁸2
507 2167 602 2197 peior
619 2170 650 2191 de
669 2169 777 2198 Sacyus
793 2173 863 2207 jn>
882 2168 1158 2198 melior-legendum
1170 2166 1284 2197 putavit,
1304 2165 1328 2189 id
1339 2165 1409 2196 quod
1422 2164 1513 2187 sensui
1523 2163 1612 2192 aptius
1622 2162 1727 2185 videtur
1745 2161 1832 2186 conf.
1844 2161 1918 2183 flatu.
1931 2158 2007 2188 μὶΤΑ

285 2223 311 2240 v.
330 2218 354 2240 6.
375 2217 435 2240 infr.

235 2261 266 2293 2)
287 2262 416 2292 Oppidum
435 2263 544 2286 Jatsreb
561 2269 608 2286 seu
627 2264 761 2288 Medinam
781 2264 851 2287 vult.
885 2264 970 2287 Terra
987 2264 1076 2294 gentis
1094 2263 1290 2288 Banu-I'Kain
1308 2263 1386 2286 locus
1405 2266 1461 2293 est,
1485 2262 1529 2285 ubi
1548 2262 1661 2285 arbores
1680 2260 1740 2284 Atsl
1767 2258 1893 2289 (tamarix
1918 2256 2008 2280 orien-

285 2308 363 2339 talis)
383 2313 519 2333 crescunt.

234 2363 268 2395 8)
287 2363 321 2387 Ni
340 2363 423 2387 fallor
442 2364 472 2387 de
491 2366 599 2394 sacyus
625 2371 675 2388 usu
699 2366 771 2389 verbi
782 2365 852 2404 2³²>
878 2366 1010 2388 adductus
1029 2365 1091 2388 loco
1111 2364 1186 2387 vocis
1205 2356 1313 2395 cbk-4335
1343 2361 1484 2392 legendum
1509 2357 1611 2390 putavit
1626 2352 1722 2401 jem
1751 2357 1865 2388 Ρϋῐθῑὲ
1890 2357 1935 2379 ⁵²1¹
1964 2355 2005 2379 *¹3⁰

285 2414 402 2444 pluralis
420 2415 447 2438 in
466 2421 516 2438 usu
535 2421 588 2438 non
608 2419 657 2439 eet.
691 2416 754 2439 Mihi
773 2417 880 2440 videtur
898 2421 976 2447 poeta
993 2420 1091 2440 terram
1111 2415 1251 2446 effudisse,
1279 2418 1308 2438 ut
1333 2418 1430 2438 contra
1455 2418 1552 2437 ventus
1572 2413 1738 2435 vehementes
1755 2409 1853 2432 defensi
1872 2411 1960 2431 ‘8⁵⁹³‘
1980 2409 2006 2429 Εὖ

282 2461 332 2484 hac
349 2462 381 2484 de
398 2467 482 2485 causa
500 2463 550 2485 dici
570 2465 675 2492 potest:
694 2463 812 2485 domos
831 2463 949 2488 effodi.

232 2526 265 2555 4)
285 2527 358 2551 Loco
375 2529 519 2553 verborum
539 2512 627 2572 [μὲ-’ἑ
644 2525 692 2554 ..Χὲ
717 2527 742 2551 in
762 2526 853 2551 codice
871 2529 902 2551 de
920 2529 1049 2558 Sacyano
1068 2522 1110 2564 L&
1129 2525 1162 2568 55
1191 2524 1238 2552 03
1262 2527 1371 2557 iegitur,
1389 2532 1464 2556 quem
1483 2523 1589 2554 legendi
1608 2522 1713 2546 modum
1732 2524 1834 2545 rectum
1853 2526 1910 2543 esse
1927 2522 2000 2549 puto.

287 2575 366 2602 Alter
382 2577 489 2610 legendi
506 2579 601 2602 modus
619 2578 771 2610 significare
787 2580 891 2608 potest:
910 2584 976 2609 quas
995 2581 1121 2610 tanquam
1141 2578 1263 2603 victimas
1282 2577 1436 2602 obtulisset.
