<?xml version="1.0" encoding="UTF-8"?>
<!DOCTYPE html PUBLIC "-//W3C//DTD XHTML 1.0 Transitional//EN"
    "http://www.w3.org/TR/xhtml1/DTD/xhtml1-transitional.dtd">
<html xmlns="http://www.w3.org/1999/xhtml" xml:lang="en" lang="en">
 <head>
  <title>
</title>
<meta http-equiv="Content-Type" content="text/html;charset=utf-8" />
  <meta name='ocr-system' content='tesseract 3.04.00' />
  <meta name='ocr-capabilities' content='ocr_page ocr_carea ocr_par ocr_line ocrx_word'/>
</head>
<body>
  <div class='ocr_page' id='page_1' title='image "./p1hamassaecarmin02abbiuoft_0381.png"; bbox 0 0 2247 2865; ppageno 0'>
   <div class='ocr_carea' id='block_1_1' title="bbox 973 93 1245 125">
    <p class='ocr_par' dir='ltr' id='par_1_1' title="bbox 973 93 1245 125">
     <span class='ocr_line' id='line_1_1' title="bbox 973 93 1245 125; baseline -0.004 0"><span class='ocrx_word' id='word_1_1' title='bbox 973 93 1245 125; x_wconf 75' lang='lat'>-345—</span> 
     </span>
    </p>
   </div>
   <div class='ocr_carea' id='block_1_2' title="bbox 211 193 2008 2168">
    <p class='ocr_par' dir='ltr' id='par_1_2' title="bbox 211 193 2008 2168">
     <span class='ocr_line' id='line_1_2' title="bbox 211 193 1993 235; baseline -0.001 -5"><span class='ocrx_word' id='word_1_2' title='bbox 211 198 409 230; x_wconf 82' lang='lat' dir='ltr'><strong>veretris</strong></span> <span class='ocrx_word' id='word_1_3' title='bbox 449 198 670 229; x_wconf 74' lang='lat' dir='ltr'><strong>asinorum</strong></span> <span class='ocrx_word' id='word_1_4' title='bbox 709 193 924 227; x_wconf 75' lang='lat' dir='ltr'><strong>dissectis</strong></span> <span class='ocrx_word' id='word_1_5' title='bbox 967 193 1109 224; x_wconf 79' lang='lat' dir='ltr'><strong>instar</strong></span> <span class='ocrx_word' id='word_1_6' title='bbox 1148 193 1400 235; x_wconf 83' lang='lat' dir='ltr'><strong>ungularum</strong></span> <span class='ocrx_word' id='word_1_7' title='bbox 1439 194 1615 235; x_wconf 84' lang='lat' dir='ltr'><strong>cameli,</strong></span> <span class='ocrx_word' id='word_1_8' title='bbox 1655 196 1812 234; x_wconf 82' lang='lat' dir='ltr'><strong>quibus</strong></span> <span class='ocrx_word' id='word_1_9' title='bbox 1856 197 1993 228; x_wconf 77' lang='lat' dir='ltr'><strong>crines</strong></span> 
     </span>
     <span class='ocr_line' id='line_1_3' title="bbox 211 256 1994 299; baseline -0.001 -5"><span class='ocrx_word' id='word_1_10' title='bbox 211 265 325 294; x_wconf 75' lang='lat' dir='ltr'><strong>enati</strong></span> <span class='ocrx_word' id='word_1_11' title='bbox 350 271 427 292; x_wconf 89' lang='lat' dir='ltr'><strong>non</strong></span> <span class='ocrx_word' id='word_1_12' title='bbox 453 266 559 292; x_wconf 87' lang='lat' dir='ltr'><strong>sunt.</strong></span> <span class='ocrx_word' id='word_1_13' title='bbox 612 260 705 290; x_wconf 79' lang='lat' dir='ltr'><strong>Hanc</strong></span> <span class='ocrx_word' id='word_1_14' title='bbox 730 267 859 299; x_wconf 87' lang='lat' dir='ltr'><strong>quoque</strong></span> <span class='ocrx_word' id='word_1_15' title='bbox 886 267 952 287; x_wconf 87' lang='lat' dir='ltr'><strong>rem</strong></span> <span class='ocrx_word' id='word_1_16' title='bbox 979 257 1156 297; x_wconf 83' lang='lat' dir='ltr'><strong>respiciens</strong></span> <span class='ocrx_word' id='word_1_17' title='bbox 1183 262 1279 297; x_wconf 81' lang='lat' dir='ltr'><strong>poeta</strong></span> <span class='ocrx_word' id='word_1_18' title='bbox 1308 256 1474 287; x_wconf 74' lang='lat' dir='ltr'><strong>Farasdak</strong></span> <span class='ocrx_word' id='word_1_19' title='bbox 1500 257 1608 287; x_wconf 86' lang='lat' dir='ltr'><strong>verbis</strong></span> <span class='ocrx_word' id='word_1_20' title='bbox 1636 260 1843 298; x_wconf 79' lang='lat' dir='ltr'><strong>sequentibus</strong></span> <span class='ocrx_word' id='word_1_21' title='bbox 1870 260 1994 292; x_wconf 80' lang='lat' dir='ltr'><strong>Ohma-</strong></span> 
     </span>
     <span class='ocr_line' id='line_1_4' title="bbox 212 316 1992 363; baseline -0.002 -6"><span class='ocrx_word' id='word_1_22' title='bbox 212 335 279 357; x_wconf 87' lang='lat' dir='ltr'><strong>rum</strong></span> <span class='ocrx_word' id='word_1_23' title='bbox 315 325 344 356; x_wconf 88' lang='lat' dir='ltr'><strong>b.</strong></span> <span class='ocrx_word' id='word_1_24' title='bbox 371 324 534 355; x_wconf 75' lang='lat' dir='ltr'><strong>Robairah</strong></span> <span class='ocrx_word' id='word_1_25' title='bbox 569 321 748 352; x_wconf 78' lang='lat' dir='ltr'><strong>Fesnritam</strong></span> <span class='ocrx_word' id='word_1_26' title='bbox 782 321 972 361; x_wconf 81' lang='lat' dir='ltr'><strong>perstrinxit</strong></span> <span class='ocrx_word' id='word_1_27' title='bbox 1011 317 1119 363; x_wconf 83' lang='lat' dir='ltr'><strong>(metr.</strong></span> <span class='ocrx_word' id='word_1_28' title='bbox 1154 316 1303 362; x_wconf 77' lang='lat' dir='ltr'><strong>Basitlr):</strong></span> <span class='ocrx_word' id='word_1_29' title='bbox 1343 318 1470 357; x_wconf 82' lang='lat' dir='ltr'><strong>Quum</strong></span> <span class='ocrx_word' id='word_1_30' title='bbox 1510 320 1558 350; x_wconf 81' lang='lat' dir='ltr'><strong>ad</strong></span> <span class='ocrx_word' id='word_1_31' title='bbox 1598 326 1762 362; x_wconf 84' lang='lat' dir='ltr'><strong>gentem</strong></span> <span class='ocrx_word' id='word_1_32' title='bbox 1801 322 1992 354; x_wconf 79' lang='lat' dir='ltr'><strong>Fesarah</strong></span> 
     </span>
     <span class='ocr_line' id='line_1_5' title="bbox 212 380 1992 424; baseline -0.002 -5"><span class='ocrx_word' id='word_1_33' title='bbox 212 390 479 419; x_wconf 80' lang='lat' dir='ltr'><strong>commeatum</strong></span> <span class='ocrx_word' id='word_1_34' title='bbox 514 389 555 415; x_wconf 86' lang='lat' dir='ltr'><strong>et</strong></span> <span class='ocrx_word' id='word_1_35' title='bbox 591 383 786 424; x_wconf 79' lang='lat' dir='ltr'><strong>pabulum</strong></span> <span class='ocrx_word' id='word_1_36' title='bbox 822 389 988 424; x_wconf 82' lang='lat' dir='ltr'><strong>portas,</strong></span> <span class='ocrx_word' id='word_1_37' title='bbox 1028 381 1202 411; x_wconf 81' lang='lat' dir='ltr'><strong>camelos</strong></span> <span class='ocrx_word' id='word_1_38' title='bbox 1230 381 1405 421; x_wconf 80' lang='lat' dir='ltr'><strong>glandes</strong></span> <span class='ocrx_word' id='word_1_39' title='bbox 1434 382 1592 421; x_wconf 87' lang='lat' dir='ltr'><strong>penium</strong></span> <span class='ocrx_word' id='word_1_40' title='bbox 1620 388 1850 422; x_wconf 81' lang='lat' dir='ltr'><strong>portantes</strong></span> <span class='ocrx_word' id='word_1_41' title='bbox 1878 380 1992 424; x_wconf 77' lang='lat' dir='ltr'><strong>para!</strong></span> 
     </span>
     <span class='ocr_line' id='line_1_6' title="bbox 211 443 1995 487; baseline -0.002 -7"><span class='ocrx_word' id='word_1_42' title='bbox 211 449 403 481; x_wconf 75' lang='lat' dir='ltr'><strong>Fesnrita</strong></span> <span class='ocrx_word' id='word_1_43' title='bbox 428 447 465 478; x_wconf 83' lang='lat' dir='ltr'><strong>si</strong></span> <span class='ocrx_word' id='word_1_44' title='bbox 490 455 647 477; x_wconf 79' lang='lat' dir='ltr'><strong>caecus</strong></span> <span class='ocrx_word' id='word_1_45' title='bbox 675 451 807 487; x_wconf 80' lang='lat' dir='ltr'><strong>esset,</strong></span> <span class='ocrx_word' id='word_1_46' title='bbox 835 445 1022 476; x_wconf 85' lang='lat' dir='ltr'><strong>medicus</strong></span> <span class='ocrx_word' id='word_1_47' title='bbox 1045 443 1141 474; x_wconf 80' lang='lat' dir='ltr'><strong>dato</strong></span> <span class='ocrx_word' id='word_1_48' title='bbox 1159 448 1324 473; x_wconf 88' lang='lat' dir='ltr'><strong>veretro</strong></span> <span class='ocrx_word' id='word_1_49' title='bbox 1344 443 1457 473; x_wconf 85' lang='lat' dir='ltr'><strong>asini</strong></span> <span class='ocrx_word' id='word_1_50' title='bbox 1477 444 1566 473; x_wconf 83' lang='lat' dir='ltr'><strong>eius</strong></span> <span class='ocrx_word' id='word_1_51' title='bbox 1586 445 1711 475; x_wconf 82' lang='lat' dir='ltr'><strong>visum</strong></span> <span class='ocrx_word' id='word_1_52' title='bbox 1739 447 1995 476; x_wconf 83' lang='lat' dir='ltr'><strong>restitueret</strong></span> 
     </span>
     <span class='ocr_line' id='line_1_7' title="bbox 213 505 1994 550; baseline -0.006 -9"><span class='ocrx_word' id='word_1_53' title='bbox 213 511 296 542; x_wconf 75' lang='lat' dir='ltr'><strong>conf.</strong></span> <span class='ocrx_word' id='word_1_54' title='bbox 322 509 462 542; x_wconf 81' lang='lat' dir='ltr'><strong>Meidan.</strong></span> <span class='ocrx_word' id='word_1_55' title='bbox 489 508 556 550; x_wconf 76' lang='lat'><strong>22,</strong></span> <span class='ocrx_word' id='word_1_56' title='bbox 585 509 642 539; x_wconf 84' lang='lat'><strong>96.</strong></span> <span class='ocrx_word' id='word_1_57' title='bbox 695 509 837 539; x_wconf 80' lang='lat' dir='ltr'><strong>Alterum</strong></span> <span class='ocrx_word' id='word_1_58' title='bbox 871 518 936 539; x_wconf 86' lang='lat' dir='ltr'><strong>rem</strong></span> <span class='ocrx_word' id='word_1_59' title='bbox 963 507 1136 546; x_wconf 72' lang='lat' dir='ltr'>respiciens</span> <span class='ocrx_word' id='word_1_60' title='bbox 1163 508 1256 545; x_wconf 82' lang='lat' dir='ltr'><strong>poeta</strong></span> <span class='ocrx_word' id='word_1_61' title='bbox 1282 505 1363 535; x_wconf 86' lang='lat' dir='ltr'><strong>idem</strong></span> <span class='ocrx_word' id='word_1_62' title='bbox 1390 505 1470 535; x_wconf 81' lang='lat' dir='ltr'>dixit</span> <span class='ocrx_word' id='word_1_63' title='bbox 1492 506 1601 544; x_wconf 82' lang='lat' dir='ltr'><strong>(metr.</strong></span> <span class='ocrx_word' id='word_1_64' title='bbox 1631 506 1777 547; x_wconf 78' lang='lat' dir='ltr'><strong>Was1r):</strong></span> <span class='ocrx_word' id='word_1_65' title='bbox 1819 507 1846 538; x_wconf 93' lang='lat'>0</span> <span class='ocrx_word' id='word_1_66' title='bbox 1875 509 1994 548; x_wconf 71' lang='lat' dir='ltr'><strong>prin-</strong></span> 
     </span>
     <span class='ocr_line' id='line_1_8' title="bbox 213 565 1994 614; baseline -0.002 -11"><span class='ocrx_word' id='word_1_67' title='bbox 213 582 313 614; x_wconf 82' lang='lat' dir='ltr'><strong>ceps</strong></span> <span class='ocrx_word' id='word_1_68' title='bbox 347 565 563 602; x_wconf 73' lang='lat' dir='ltr'><strong>fidelium!</strong></span> <span class='ocrx_word' id='word_1_69' title='bbox 601 570 692 601; x_wconf 90' lang='lat' dir='ltr'><strong>dum</strong></span> <span class='ocrx_word' id='word_1_70' title='bbox 720 575 760 601; x_wconf 93' lang='lat' dir='ltr'><strong>tu</strong></span> <span class='ocrx_word' id='word_1_71' title='bbox 788 571 943 601; x_wconf 86' lang='lat' dir='ltr'><strong>illicito</strong></span> <span class='ocrx_word' id='word_1_72' title='bbox 979 571 1167 601; x_wconf 79' lang='lat' dir='ltr'>abstines</span> <span class='ocrx_word' id='word_1_73' title='bbox 1195 573 1235 599; x_wconf 89' lang='lat' dir='ltr'><strong>et</strong></span> <span class='ocrx_word' id='word_1_74' title='bbox 1263 578 1498 609; x_wconf 85' lang='lat' dir='ltr'><strong>generosus</strong></span> <span class='ocrx_word' id='word_1_75' title='bbox 1533 579 1600 611; x_wconf 76' lang='lat' dir='ltr'><strong>es,</strong></span> <span class='ocrx_word' id='word_1_76' title='bbox 1636 580 1711 601; x_wconf 91' lang='lat' dir='ltr'><strong>non</strong></span> <span class='ocrx_word' id='word_1_77' title='bbox 1747 571 1994 610; x_wconf 77' lang='lat' dir='ltr'><strong>praefectus</strong></span> 
     </span>
     <span class='ocr_line' id='line_1_9' title="bbox 213 632 1994 677; baseline 0.002 -14"><span class='ocrx_word' id='word_1_78' title='bbox 213 633 383 671; x_wconf 77' lang='lat' dir='ltr'><strong>avidus,</strong></span> <span class='ocrx_word' id='word_1_79' title='bbox 409 641 498 662; x_wconf 91' lang='lat' dir='ltr'><strong>num</strong></span> <span class='ocrx_word' id='word_1_80' title='bbox 528 632 691 662; x_wconf 83' lang='lat' dir='ltr'><strong>Iracam</strong></span> <span class='ocrx_word' id='word_1_81' title='bbox 718 637 757 663; x_wconf 85' lang='lat' dir='ltr'><strong>et</strong></span> <span class='ocrx_word' id='word_1_82' title='bbox 782 632 922 673; x_wconf 83' lang='lat' dir='ltr'><strong>Tigrin</strong></span> <span class='ocrx_word' id='word_1_83' title='bbox 939 632 1283 671; x_wconf 77' lang='lat' dir='ltr'><strong>Euphratemque</strong></span> <span class='ocrx_word' id='word_1_84' title='bbox 1313 632 1540 663; x_wconf 75' lang='lat' dir='ltr'><strong>Fesaritae</strong></span> <span class='ocrx_word' id='word_1_85' title='bbox 1566 633 1653 664; x_wconf 88' lang='lat' dir='ltr'><strong>cibo</strong></span> <span class='ocrx_word' id='word_1_86' title='bbox 1680 634 1852 677; x_wconf 79' lang='lat' dir='ltr'><strong>dedisti,</strong></span> <span class='ocrx_word' id='word_1_87' title='bbox 1878 635 1994 666; x_wconf 87' lang='lat' dir='ltr'><strong>cuius</strong></span> 
     </span>
     <span class='ocr_line' id='line_1_10' title="bbox 212 693 1994 736; baseline 0 -9"><span class='ocrx_word' id='word_1_88' title='bbox 212 705 357 727; x_wconf 80' lang='lat' dir='ltr'><strong>manus</strong></span> <span class='ocrx_word' id='word_1_89' title='bbox 393 696 507 726; x_wconf 85' lang='lat' dir='ltr'><strong>levis</strong></span> <span class='ocrx_word' id='word_1_90' title='bbox 535 699 602 725; x_wconf 80' lang='lat' dir='ltr'><strong>est</strong></span> <span class='ocrx_word' id='word_1_91' title='bbox 630 695 764 736; x_wconf 79' lang='lat' dir='ltr'><strong>(furi),</strong></span> <span class='ocrx_word' id='word_1_92' title='bbox 804 695 949 734; x_wconf 80' lang='lat' dir='ltr'>quippe</span> <span class='ocrx_word' id='word_1_93' title='bbox 977 693 1036 724; x_wconf 92' lang='lat' dir='ltr'><strong>cui</strong></span> <span class='ocrx_word' id='word_1_94' title='bbox 1064 698 1180 724; x_wconf 80' lang='lat' dir='ltr'><strong>antea</strong></span> <span class='ocrx_word' id='word_1_95' title='bbox 1216 696 1356 732; x_wconf 77' lang='lat' dir='ltr'><strong>pastor</strong></span> <span class='ocrx_word' id='word_1_96' title='bbox 1387 695 1576 725; x_wconf 81' lang='lat' dir='ltr'><strong>camelae</strong></span> <span class='ocrx_word' id='word_1_97' title='bbox 1612 695 1808 726; x_wconf 85' lang='lat' dir='ltr'><strong>iuvencae</strong></span> <span class='ocrx_word' id='word_1_98' title='bbox 1849 705 1994 727; x_wconf 77' lang='lat' dir='ltr'><strong>coxas</strong></span> 
     </span>
     <span class='ocr_line' id='line_1_11' title="bbox 211 751 1996 796; baseline 0 -7"><span class='ocrx_word' id='word_1_99' title='bbox 211 767 294 789; x_wconf 89' lang='lat' dir='ltr'><strong>non</strong></span> <span class='ocrx_word' id='word_1_100' title='bbox 320 752 740 795; x_wconf 50' lang='lat' dir='ltr'><strong>committebat‘stouf.</strong></span> <span class='ocrx_word' id='word_1_101' title='bbox 768 755 866 786; x_wconf 80' lang='lat' dir='ltr'><strong>Meid.</strong></span> <span class='ocrx_word' id='word_1_102' title='bbox 899 754 1095 796; x_wconf 79' lang='lat'><strong>13,136.).</strong></span> <span class='ocrx_word' id='word_1_103' title='bbox 1147 751 1817 796; x_wconf 72' lang='lat' dir='ltr'><strong>Abu-l’nlotsanna1)in1raoa</strong></span> <span class='ocrx_word' id='word_1_104' title='bbox 1843 760 1996 789; x_wconf 88' lang='lat' dir='ltr'><strong>subsi-</strong></span> 
     </span>
     <span class='ocr_line' id='line_1_12' title="bbox 211 816 1997 861; baseline 0 -10"><span class='ocrx_word' id='word_1_105' title='bbox 211 824 334 851; x_wconf 86' lang='lat' dir='ltr'><strong>stens</strong></span> <span class='ocrx_word' id='word_1_106' title='bbox 360 818 527 850; x_wconf 83' lang='lat' dir='ltr'><strong>incolas</strong></span> <span class='ocrx_word' id='word_1_107' title='bbox 555 819 699 849; x_wconf 90' lang='lat' dir='ltr'><strong>cibum</strong></span> <span class='ocrx_word' id='word_1_108' title='bbox 728 817 893 849; x_wconf 89' lang='lat' dir='ltr'><strong>Chabiz</strong></span> <span class='ocrx_word' id='word_1_109' title='bbox 927 816 1057 847; x_wconf 88' lang='lat' dir='ltr'><strong>edere</strong></span> <span class='ocrx_word' id='word_1_110' title='bbox 1092 817 1252 847; x_wconf 85' lang='lat' dir='ltr'><strong>docuit.</strong></span> <span class='ocrx_word' id='word_1_111' title='bbox 1305 817 1446 848; x_wconf 88' lang='lat' dir='ltr'><strong>Salimus</strong></span> <span class='ocrx_word' id='word_1_112' title='bbox 1473 827 1567 858; x_wconf 87' lang='lat' dir='ltr'><strong>porro</strong></span> <span class='ocrx_word' id='word_1_113' title='bbox 1594 824 1724 860; x_wconf 78' lang='lat' dir='ltr'><strong>gentem</strong></span> <span class='ocrx_word' id='word_1_114' title='bbox 1750 819 1895 851; x_wconf 79' lang='lat' dir='ltr'><strong>Fesarah</strong></span> <span class='ocrx_word' id='word_1_115' title='bbox 1919 831 1997 861; x_wconf 85' lang='lat' dir='ltr'><strong>per-</strong></span> 
     </span>
     <span class='ocr_line' id='line_1_13' title="bbox 213 876 1997 923; baseline 0.001 -11"><span class='ocrx_word' id='word_1_116' title='bbox 213 883 380 923; x_wconf 88' lang='lat' dir='ltr'><strong>stringens</strong></span> <span class='ocrx_word' id='word_1_117' title='bbox 406 882 519 921; x_wconf 72' lang='lat' dir='ltr'><strong>satyra</strong></span> <span class='ocrx_word' id='word_1_118' title='bbox 549 880 627 910; x_wconf 85' lang='lat' dir='ltr'>dixit</span> <span class='ocrx_word' id='word_1_119' title='bbox 655 878 765 921; x_wconf 85' lang='lat' dir='ltr'><strong>(metr.</strong></span> <span class='ocrx_word' id='word_1_120' title='bbox 793 876 939 922; x_wconf 81' lang='lat' dir='ltr'><strong>Basith):</strong></span> <span class='ocrx_word' id='word_1_121' title='bbox 979 879 1006 910; x_wconf 93' lang='grc' dir='ltr'><strong>Ο</strong></span> <span class='ocrx_word' id='word_1_122' title='bbox 1033 880 1137 910; x_wconf 92' lang='lat' dir='ltr'><strong>socii</strong></span> <span class='ocrx_word' id='word_1_123' title='bbox 1175 881 1251 910; x_wconf 86' lang='lat' dir='ltr'><strong>mei</strong></span> <span class='ocrx_word' id='word_1_124' title='bbox 1288 876 1388 910; x_wconf 84' lang='lat' dir='ltr'><strong>duo!</strong></span> <span class='ocrx_word' id='word_1_125' title='bbox 1428 890 1583 911; x_wconf 87' lang='lat' dir='ltr'><strong>mecum</strong></span> <span class='ocrx_word' id='word_1_126' title='bbox 1619 881 1666 912; x_wconf 86' lang='lat' dir='ltr'><strong>ad</strong></span> <span class='ocrx_word' id='word_1_127' title='bbox 1693 881 1856 912; x_wconf 89' lang='lat' dir='ltr'><strong>domum</strong></span> <span class='ocrx_word' id='word_1_128' title='bbox 1882 885 1997 914; x_wconf 86' lang='lat' dir='ltr'><strong>iuter</strong></span> 
     </span>
     <span class='ocr_line' id='line_1_14' title="bbox 215 942 1998 983; baseline 0.001 -10"><span class='ocrx_word' id='word_1_129' title='bbox 215 945 351 975; x_wconf 88' lang='lat' dir='ltr'><strong>locum</strong></span> <span class='ocrx_word' id='word_1_130' title='bbox 378 942 648 973; x_wconf 72' lang='lat' dir='ltr'><strong>Alhoschum</strong></span> <span class='ocrx_word' id='word_1_131' title='bbox 675 946 719 973; x_wconf 88' lang='lat' dir='ltr'><strong>et</strong></span> <span class='ocrx_word' id='word_1_132' title='bbox 745 942 850 972; x_wconf 90' lang='lat' dir='ltr'><strong>duas</strong></span> <span class='ocrx_word' id='word_1_133' title='bbox 879 951 977 972; x_wconf 87' lang='lat' dir='ltr'><strong>oras</strong></span> <span class='ocrx_word' id='word_1_134' title='bbox 1006 942 1134 973; x_wconf 89' lang='lat' dir='ltr'><strong>fluvii</strong></span> <span class='ocrx_word' id='word_1_135' title='bbox 1163 943 1474 983; x_wconf 83' lang='lat' dir='ltr'><strong>Dsat-Immar,</strong></span> <span class='ocrx_word' id='word_1_136' title='bbox 1503 952 1621 982; x_wconf 82' lang='lat' dir='ltr'><strong>quam</strong></span> <span class='ocrx_word' id='word_1_137' title='bbox 1648 944 1869 974; x_wconf 86' lang='lat' dir='ltr'><strong>vehemens</strong></span> <span class='ocrx_word' id='word_1_138' title='bbox 1895 954 1998 975; x_wconf 88' lang='lat' dir='ltr'><strong>ven-</strong></span> 
     </span>
     <span class='ocr_line' id='line_1_15' title="bbox 215 1003 1998 1047; baseline 0.002 -12"><span class='ocrx_word' id='word_1_139' title='bbox 215 1010 290 1035; x_wconf 90' lang='lat' dir='ltr'><strong>tus</strong></span> <span class='ocrx_word' id='word_1_140' title='bbox 316 1014 367 1035; x_wconf 85' lang='lat' dir='ltr'><strong>ex</strong></span> <span class='ocrx_word' id='word_1_141' title='bbox 399 1004 545 1034; x_wconf 80' lang='lat' dir='ltr'><strong>ventis</strong></span> <span class='ocrx_word' id='word_1_142' title='bbox 572 1003 750 1034; x_wconf 85' lang='lat' dir='ltr'><strong>aestivis</strong></span> <span class='ocrx_word' id='word_1_143' title='bbox 777 1004 936 1034; x_wconf 83' lang='lat' dir='ltr'><strong>visitat</strong></span> <span class='ocrx_word' id='word_1_144' title='bbox 974 1004 1088 1034; x_wconf 88' lang='lat' dir='ltr'><strong>inter</strong></span> <span class='ocrx_word' id='word_1_145' title='bbox 1113 1013 1288 1035; x_wconf 88' lang='lat' dir='ltr'><strong>menses</strong></span> <span class='ocrx_word' id='word_1_146' title='bbox 1317 1005 1478 1045; x_wconf 81' lang='lat' dir='ltr'><strong>Redjcb</strong></span> <span class='ocrx_word' id='word_1_147' title='bbox 1507 1010 1548 1035; x_wconf 83' lang='lat' dir='ltr'><strong>et</strong></span> <span class='ocrx_word' id='word_1_148' title='bbox 1574 1005 1719 1047; x_wconf 71' lang='lat' dir='ltr'><strong>Zasar,</strong></span> <span class='ocrx_word' id='word_1_149' title='bbox 1759 1006 1842 1046; x_wconf 87' lang='lat' dir='ltr'><strong>quod</strong></span> <span class='ocrx_word' id='word_1_150' title='bbox 1869 1016 1998 1038; x_wconf 88' lang='lat' dir='ltr'><strong>carmen</strong></span> 
     </span>
     <span class='ocr_line' id='line_1_16' title="bbox 212 1065 1998 1116; baseline 0 -18"><span class='ocrx_word' id='word_1_151' title='bbox 212 1072 340 1109; x_wconf 78' lang='lat' dir='ltr'><strong>longum</strong></span> <span class='ocrx_word' id='word_1_152' title='bbox 367 1071 429 1098; x_wconf 87' lang='lat' dir='ltr'><strong>est.</strong></span> <span class='ocrx_word' id='word_1_153' title='bbox 481 1068 565 1098; x_wconf 85' lang='lat' dir='ltr'><strong>Inter</strong></span> <span class='ocrx_word' id='word_1_154' title='bbox 590 1066 652 1096; x_wconf 80' lang='lat' dir='ltr'><strong>alia</strong></span> <span class='ocrx_word' id='word_1_155' title='bbox 678 1070 785 1096; x_wconf 77' lang='lat' dir='ltr'><strong>autem</strong></span> <span class='ocrx_word' id='word_1_156' title='bbox 810 1065 908 1096; x_wconf 80' lang='lat' dir='ltr'><strong>dixit:</strong></span> <span class='ocrx_word' id='word_1_157' title='bbox 945 1065 1005 1096; x_wconf 86' lang='lat' dir='ltr'><strong>Ad</strong></span> <span class='ocrx_word' id='word_1_158' title='bbox 1043 1069 1206 1106; x_wconf 84' lang='lat' dir='ltr'><strong>gentem</strong></span> <span class='ocrx_word' id='word_1_159' title='bbox 1239 1067 1432 1098; x_wconf 76' lang='lat' dir='ltr'><strong>Fesarah</strong></span> <span class='ocrx_word' id='word_1_160' title='bbox 1469 1067 1636 1107; x_wconf 85' lang='lat' dir='ltr'><strong>perfer,</strong></span> <span class='ocrx_word' id='word_1_161' title='bbox 1672 1078 1728 1098; x_wconf 91' lang='lat' dir='ltr'><strong>me</strong></span> <span class='ocrx_word' id='word_1_162' title='bbox 1768 1069 1838 1115; x_wconf 62' lang='lat' dir='ltr'><strong>(p,</strong></span> <span class='ocrx_word' id='word_1_163' title='bbox 1864 1071 1998 1116; x_wconf 52' lang='lat'>¹93.)</span> 
     </span>
     <span class='ocr_line' id='line_1_17' title="bbox 212 1128 2001 1170; baseline 0.001 -8"><span class='ocrx_word' id='word_1_164' title='bbox 212 1141 299 1163; x_wconf 88' lang='lat' dir='ltr'><strong>cum</strong></span> <span class='ocrx_word' id='word_1_165' title='bbox 325 1140 371 1161; x_wconf 83' lang='lat' dir='ltr'><strong>ea</strong></span> <span class='ocrx_word' id='word_1_166' title='bbox 397 1139 545 1170; x_wconf 81' lang='lat' dir='ltr'><strong>pac-em</strong></span> <span class='ocrx_word' id='word_1_167' title='bbox 571 1130 784 1161; x_wconf 81' lang='lat' dir='ltr'><strong>facturum</strong></span> <span class='ocrx_word' id='word_1_168' title='bbox 820 1139 898 1159; x_wconf 92' lang='lat' dir='ltr'><strong>non</strong></span> <span class='ocrx_word' id='word_1_169' title='bbox 925 1138 1047 1169; x_wconf 85' lang='lat' dir='ltr'><strong>esse,</strong></span> <span class='ocrx_word' id='word_1_170' title='bbox 1087 1128 1218 1159; x_wconf 84' lang='lat' dir='ltr'><strong>donec</strong></span> <span class='ocrx_word' id='word_1_171' title='bbox 1242 1129 1450 1159; x_wconf 83' lang='lat' dir='ltr'><strong>Somailus</strong></span> <span class='ocrx_word' id='word_1_172' title='bbox 1477 1134 1643 1160; x_wconf 86' lang='lat' dir='ltr'><strong>matrem</strong></span> <span class='ocrx_word' id='word_1_173' title='bbox 1674 1131 1812 1162; x_wconf 87' lang='lat' dir='ltr'><strong>Dinari</strong></span> <span class='ocrx_word' id='word_1_174' title='bbox 1848 1132 2001 1164; x_wconf 80' lang='lat' dir='ltr'><strong>futuat</strong></span> 
     </span>
     <span class='ocr_line' id='line_1_18' title="bbox 211 1188 1999 1244; baseline 0.001 -20"><span class='ocrx_word' id='word_1_175' title='bbox 211 1192 314 1237; x_wconf 80' lang='lat' dir='ltr'><strong>(conf.</strong></span> <span class='ocrx_word' id='word_1_176' title='bbox 341 1192 440 1223; x_wconf 82' lang='lat' dir='ltr'><strong>Meid.</strong></span> <span class='ocrx_word' id='word_1_177' title='bbox 468 1192 506 1224; x_wconf 88' lang='lat' dir='ltr'><strong>C.</strong></span> <span class='ocrx_word' id='word_1_178' title='bbox 535 1193 602 1234; x_wconf 78' lang='lat'><strong>24,</strong></span> <span class='ocrx_word' id='word_1_179' title='bbox 630 1192 710 1222; x_wconf 77' lang='lat'>107.</span> <span class='ocrx_word' id='word_1_180' title='bbox 738 1191 809 1231; x_wconf 84' lang='lat' dir='ltr'><strong>ipsa</strong></span> <span class='ocrx_word' id='word_1_181' title='bbox 835 1195 932 1221; x_wconf 81' lang='lat' dir='ltr'><strong>mater</strong></span> <span class='ocrx_word' id='word_1_182' title='bbox 959 1191 1091 1222; x_wconf 87' lang='lat' dir='ltr'><strong>Somaili</strong></span> <span class='ocrx_word' id='word_1_183' title='bbox 1118 1188 1335 1235; x_wconf 72' lang='lat' dir='ltr'><strong>significatur)</strong></span> <span class='ocrx_word' id='word_1_184' title='bbox 1369 1194 1404 1222; x_wconf 88' lang='lat' dir='ltr'><strong>in</strong></span> <span class='ocrx_word' id='word_1_185' title='bbox 1432 1192 1592 1222; x_wconf 88' lang='lat' dir='ltr'><strong>duobus</strong></span> <span class='ocrx_word' id='word_1_186' title='bbox 1628 1193 1757 1224; x_wconf 85' lang='lat' dir='ltr'><strong>labris</strong></span> <span class='ocrx_word' id='word_1_187' title='bbox 1790 1195 1999 1244; x_wconf 65' lang='lat' dir='ltr'><strong>pudendi,</strong></span> 
     </span>
     <span class='ocr_line' id='line_1_19' title="bbox 215 1252 2001 1294; baseline 0.002 -10"><span class='ocrx_word' id='word_1_188' title='bbox 215 1255 326 1284; x_wconf 86' lang='lat' dir='ltr'><strong>inter</strong></span> <span class='ocrx_word' id='word_1_189' title='bbox 353 1262 461 1294; x_wconf 81' lang='lat' dir='ltr'><strong>quae</strong></span> <span class='ocrx_word' id='word_1_190' title='bbox 490 1252 684 1293; x_wconf 85' lang='lat' dir='ltr'><strong>glandem</strong></span> <span class='ocrx_word' id='word_1_191' title='bbox 718 1254 841 1294; x_wconf 89' lang='lat' dir='ltr'><strong>penis</strong></span> <span class='ocrx_word' id='word_1_192' title='bbox 868 1254 1134 1288; x_wconf 83' lang='lat' dir='ltr'><strong>circumdans</strong></span> <span class='ocrx_word' id='word_1_193' title='bbox 1171 1256 1279 1285; x_wconf 85' lang='lat' dir='ltr'><strong>cutis</strong></span> <span class='ocrx_word' id='word_1_194' title='bbox 1315 1255 1489 1285; x_wconf 86' lang='lat' dir='ltr'><strong>occulta</strong></span> <span class='ocrx_word' id='word_1_195' title='bbox 1515 1259 1583 1285; x_wconf 91' lang='lat' dir='ltr'><strong>est</strong></span> <span class='ocrx_word' id='word_1_196' title='bbox 1610 1260 1652 1286; x_wconf 86' lang='lat' dir='ltr'><strong>et</strong></span> <span class='ocrx_word' id='word_1_197' title='bbox 1682 1256 1780 1286; x_wconf 80' lang='lat' dir='ltr'><strong>rima</strong></span> <span class='ocrx_word' id='word_1_198' title='bbox 1805 1257 2001 1294; x_wconf 73' lang='lat' dir='ltr'><strong>mulieris</strong></span> 
     </span>
     <span class='ocr_line' id='line_1_20' title="bbox 213 1315 2002 1359; baseline 0.002 -12"><span class='ocrx_word' id='word_1_199' title='bbox 213 1317 352 1347; x_wconf 81' lang='lat' dir='ltr'><strong>instar</strong></span> <span class='ocrx_word' id='word_1_200' title='bbox 379 1315 499 1357; x_wconf 83' lang='lat' dir='ltr'>gibbi</span> <span class='ocrx_word' id='word_1_201' title='bbox 526 1316 684 1346; x_wconf 85' lang='lat' dir='ltr'><strong>cameli</strong></span> <span class='ocrx_word' id='word_1_202' title='bbox 712 1317 907 1358; x_wconf 77' lang='lat' dir='ltr'><strong>iuvenci,</strong></span> <span class='ocrx_word' id='word_1_203' title='bbox 935 1317 1061 1347; x_wconf 89' lang='lat' dir='ltr'><strong>molli.</strong></span> <span class='ocrx_word' id='word_1_204' title='bbox 1112 1317 1217 1348; x_wconf 87' lang='lat' dir='ltr'><strong>Num</strong></span> <span class='ocrx_word' id='word_1_205' title='bbox 1242 1322 1341 1357; x_wconf 87' lang='lat' dir='ltr'><strong>post</strong></span> <span class='ocrx_word' id='word_1_206' title='bbox 1369 1317 1685 1359; x_wconf 74' lang='lat' dir='ltr'><strong>Omm-ljasam‚</strong></span> <span class='ocrx_word' id='word_1_207' title='bbox 1712 1320 1833 1350; x_wconf 82' lang='lat' dir='ltr'><strong>cuius</strong></span> <span class='ocrx_word' id='word_1_208' title='bbox 1859 1321 2002 1351; x_wconf 86' lang='lat' dir='ltr'><strong>vesti-</strong></span> 
     </span>
     <span class='ocr_line' id='line_1_21' title="bbox 219 1378 2003 1420; baseline 0.002 -10"><span class='ocrx_word' id='word_1_209' title='bbox 219 1383 403 1410; x_wconf 83' lang='lat' dir='ltr'><strong>mentum</strong></span> <span class='ocrx_word' id='word_1_210' title='bbox 429 1378 599 1418; x_wconf 85' lang='lat' dir='ltr'><strong>longum</strong></span> <span class='ocrx_word' id='word_1_211' title='bbox 627 1384 742 1420; x_wconf 75' lang='lat' dir='ltr'><strong>erat,</strong></span> <span class='ocrx_word' id='word_1_212' title='bbox 780 1380 1035 1418; x_wconf 85' lang='lat' dir='ltr'><strong>opprobrium</strong></span> <span class='ocrx_word' id='word_1_213' title='bbox 1061 1380 1337 1420; x_wconf 84' lang='lat' dir='ltr'><strong>dedecusque</strong></span> <span class='ocrx_word' id='word_1_214' title='bbox 1363 1381 1623 1412; x_wconf 75' lang='lat' dir='ltr'><strong>deflectitur</strong></span> <span class='ocrx_word' id='word_1_215' title='bbox 1649 1387 1693 1412; x_wconf 93' lang='lat' dir='ltr'><strong>et</strong></span> <span class='ocrx_word' id='word_1_216' title='bbox 1717 1379 2003 1413; x_wconf 61' lang='lat' dir='ltr'><strong>removetur?</strong></span> 
     </span>
     <span class='ocr_line' id='line_1_22' title="bbox 216 1440 2004 1483; baseline 0.002 -11"><span class='ocrx_word' id='word_1_217' title='bbox 216 1441 276 1472; x_wconf 90' lang='lat' dir='ltr'><strong>Ne</strong></span> <span class='ocrx_word' id='word_1_218' title='bbox 303 1450 322 1471; x_wconf 86' lang='lat' dir='ltr'><strong>a</strong></span> <span class='ocrx_word' id='word_1_219' title='bbox 349 1440 553 1471; x_wconf 82' lang='lat' dir='ltr'><strong>Fesarita</strong></span> <span class='ocrx_word' id='word_1_220' title='bbox 583 1449 756 1471; x_wconf 83' lang='lat' dir='ltr'><strong>securus</strong></span> <span class='ocrx_word' id='word_1_221' title='bbox 785 1442 864 1482; x_wconf 84' lang='lat' dir='ltr'><strong>sis,</strong></span> <span class='ocrx_word' id='word_1_222' title='bbox 901 1450 1075 1481; x_wconf 88' lang='lat' dir='ltr'><strong>quocum</strong></span> <span class='ocrx_word' id='word_1_223' title='bbox 1101 1443 1223 1473; x_wconf 83' lang='lat' dir='ltr'><strong>solus</strong></span> <span class='ocrx_word' id='word_1_224' title='bbox 1250 1453 1318 1482; x_wconf 87' lang='lat' dir='ltr'><strong>es,</strong></span> <span class='ocrx_word' id='word_1_225' title='bbox 1356 1448 1636 1483; x_wconf 85' lang='lat' dir='ltr'><strong>posteaquam</strong></span> <span class='ocrx_word' id='word_1_226' title='bbox 1665 1448 1874 1476; x_wconf 83' lang='lat' dir='ltr'><strong>veretrum</strong></span> <span class='ocrx_word' id='word_1_227' title='bbox 1900 1445 2004 1476; x_wconf 89' lang='lat' dir='ltr'><strong>asini</strong></span> 
     </span>
     <span class='ocr_line' id='line_1_23' title="bbox 215 1501 2004 1547; baseline 0.003 -13"><span class='ocrx_word' id='word_1_228' title='bbox 215 1506 255 1534; x_wconf 86' lang='lat' dir='ltr'><strong>in</strong></span> <span class='ocrx_word' id='word_1_229' title='bbox 281 1504 424 1534; x_wconf 85' lang='lat' dir='ltr'><strong>cinere</strong></span> <span class='ocrx_word' id='word_1_230' title='bbox 450 1502 636 1542; x_wconf 79' lang='lat' dir='ltr'><strong>assavit,</strong></span> <span class='ocrx_word' id='word_1_231' title='bbox 663 1501 750 1532; x_wconf 88' lang='lat' dir='ltr'><strong>dum</strong></span> <span class='ocrx_word' id='word_1_232' title='bbox 778 1502 894 1532; x_wconf 91' lang='lat' dir='ltr'><strong>modo</strong></span> <span class='ocrx_word' id='word_1_233' title='bbox 923 1503 963 1533; x_wconf 90' lang='lat' dir='ltr'><strong>id</strong></span> <span class='ocrx_word' id='word_1_234' title='bbox 990 1503 1026 1533; x_wconf 91' lang='lat' dir='ltr'><strong>in</strong></span> <span class='ocrx_word' id='word_1_235' title='bbox 1055 1513 1100 1534; x_wconf 90' lang='lat' dir='ltr'><strong>eo</strong></span> <span class='ocrx_word' id='word_1_236' title='bbox 1128 1510 1250 1547; x_wconf 77' lang='lat' dir='ltr'><strong>assat,</strong></span> <span class='ocrx_word' id='word_1_237' title='bbox 1278 1505 1396 1536; x_wconf 89' lang='lat' dir='ltr'><strong>modo</strong></span> <span class='ocrx_word' id='word_1_238' title='bbox 1424 1506 1462 1536; x_wconf 86' lang='lat' dir='ltr'><strong>id</strong></span> <span class='ocrx_word' id='word_1_239' title='bbox 1488 1507 1697 1537; x_wconf 78' lang='lat' dir='ltr'><strong>dentibus</strong></span> <span class='ocrx_word' id='word_1_240' title='bbox 1726 1508 1883 1539; x_wconf 84' lang='lat' dir='ltr'><strong>mordet</strong></span> <span class='ocrx_word' id='word_1_241' title='bbox 1907 1518 2004 1539; x_wconf 89' lang='lat' dir='ltr'><strong>san-</strong></span> 
     </span>
     <span class='ocr_line' id='line_1_24' title="bbox 218 1564 2006 1608; baseline 0.002 -12"><span class='ocrx_word' id='word_1_242' title='bbox 218 1565 347 1607; x_wconf 85' lang='lat' dir='ltr'><strong>guine</strong></span> <span class='ocrx_word' id='word_1_243' title='bbox 373 1564 543 1595; x_wconf 81' lang='lat' dir='ltr'><strong>insectis</strong></span> <span class='ocrx_word' id='word_1_244' title='bbox 573 1564 790 1606; x_wconf 79' lang='lat' dir='ltr'><strong>gingiviS,</strong></span> <span class='ocrx_word' id='word_1_245' title='bbox 817 1567 970 1595; x_wconf 82' lang='lat' dir='ltr'><strong>iterum</strong></span> <span class='ocrx_word' id='word_1_246' title='bbox 996 1565 1035 1595; x_wconf 94' lang='lat' dir='ltr'><strong>id</strong></span> <span class='ocrx_word' id='word_1_247' title='bbox 1061 1565 1186 1596; x_wconf 88' lang='lat' dir='ltr'><strong>edens</strong></span> <span class='ocrx_word' id='word_1_248' title='bbox 1213 1569 1428 1608; x_wconf 83' lang='lat' dir='ltr'><strong>sanguine</strong></span> <span class='ocrx_word' id='word_1_249' title='bbox 1453 1576 1636 1598; x_wconf 87' lang='lat' dir='ltr'><strong>manans.</strong></span> <span class='ocrx_word' id='word_1_250' title='bbox 1688 1568 1740 1598; x_wconf 75' lang='lat' dir='ltr'><strong>Et</strong></span> <span class='ocrx_word' id='word_1_251' title='bbox 1767 1569 1803 1599; x_wconf 92' lang='lat' dir='ltr'><strong>si</strong></span> <span class='ocrx_word' id='word_1_252' title='bbox 1831 1570 1869 1599; x_wconf 92' lang='lat' dir='ltr'><strong>in</strong></span> <span class='ocrx_word' id='word_1_253' title='bbox 1896 1573 2006 1600; x_wconf 86' lang='lat' dir='ltr'><strong>terra</strong></span> 
     </span>
     <span class='ocr_line' id='line_1_25' title="bbox 218 1627 2005 1675; baseline 0.002 -16"><span class='ocrx_word' id='word_1_254' title='bbox 218 1628 337 1659; x_wconf 88' lang='lat' dir='ltr'><strong>solus</strong></span> <span class='ocrx_word' id='word_1_255' title='bbox 365 1636 449 1659; x_wconf 88' lang='lat' dir='ltr'><strong>cum</strong></span> <span class='ocrx_word' id='word_1_256' title='bbox 478 1627 691 1668; x_wconf 78' lang='lat' dir='ltr'><strong>eo‘degis7</strong></span> <span class='ocrx_word' id='word_1_257' title='bbox 715 1627 908 1657; x_wconf 86' lang='lat' dir='ltr'><strong>camelam</strong></span> <span class='ocrx_word' id='word_1_258' title='bbox 935 1628 1153 1658; x_wconf 87' lang='lat' dir='ltr'><strong>iuvencam</strong></span> <span class='ocrx_word' id='word_1_259' title='bbox 1180 1632 1287 1659; x_wconf 84' lang='lat' dir='ltr'><strong>tuam</strong></span> <span class='ocrx_word' id='word_1_260' title='bbox 1314 1629 1478 1660; x_wconf 88' lang='lat' dir='ltr'><strong>custodi</strong></span> <span class='ocrx_word' id='word_1_261' title='bbox 1504 1634 1543 1660; x_wconf 89' lang='lat' dir='ltr'><strong>et</strong></span> <span class='ocrx_word' id='word_1_262' title='bbox 1570 1630 1678 1660; x_wconf 87' lang='lat' dir='ltr'><strong>loris</strong></span> <span class='ocrx_word' id='word_1_263' title='bbox 1707 1628 2005 1675; x_wconf 81' lang='lat' dir='ltr'><strong>eam(vulvam)</strong></span> 
     </span>
     <span class='ocr_line' id='line_1_26' title="bbox 216 1690 2005 1733; baseline 0.001 -11"><span class='ocrx_word' id='word_1_264' title='bbox 216 1700 396 1733; x_wconf 79' lang='lat' dir='ltr'><strong>consue,</strong></span> <span class='ocrx_word' id='word_1_265' title='bbox 429 1695 566 1721; x_wconf 87' lang='lat' dir='ltr'><strong>metuo</strong></span> <span class='ocrx_word' id='word_1_266' title='bbox 593 1690 722 1731; x_wconf 83' lang='lat' dir='ltr'><strong>enim,</strong></span> <span class='ocrx_word' id='word_1_267' title='bbox 755 1699 802 1719; x_wconf 88' lang='lat' dir='ltr'><strong>ne</strong></span> <span class='ocrx_word' id='word_1_268' title='bbox 829 1699 912 1720; x_wconf 82' lang='lat' dir='ltr'><strong>eam</strong></span> <span class='ocrx_word' id='word_1_269' title='bbox 940 1690 1128 1720; x_wconf 88' lang='lat' dir='ltr'><strong>retineat</strong></span> <span class='ocrx_word' id='word_1_270' title='bbox 1168 1690 1324 1720; x_wconf 82' lang='lat' dir='ltr'><strong>nudato</strong></span> <span class='ocrx_word' id='word_1_271' title='bbox 1351 1692 1508 1730; x_wconf 86' lang='lat' dir='ltr'><strong>podice</strong></span> <span class='ocrx_word' id='word_1_272' title='bbox 1536 1701 1708 1732; x_wconf 79' lang='lat' dir='ltr'><strong>eamque</strong></span> <span class='ocrx_word' id='word_1_273' title='bbox 1734 1702 1838 1732; x_wconf 86' lang='lat' dir='ltr'><strong>pene</strong></span> <span class='ocrx_word' id='word_1_274' title='bbox 1865 1702 2005 1724; x_wconf 83' lang='lat' dir='ltr'><strong>crasso</strong></span> 
     </span>
     <span class='ocr_line' id='line_1_27' title="bbox 215 1749 2005 1793; baseline 0.001 -9"><span class='ocrx_word' id='word_1_275' title='bbox 215 1753 343 1784; x_wconf 86' lang='lat' dir='ltr'><strong>ineat</strong></span> <span class='ocrx_word' id='word_1_276' title='bbox 363 1749 406 1793; x_wconf 93' lang='grc'><strong>3).</strong></span> <span class='ocrx_word' id='word_1_277' title='bbox 443 1752 659 1782; x_wconf 84' lang='lat' dir='ltr'><strong>Fesarita</strong></span> <span class='ocrx_word' id='word_1_278' title='bbox 687 1752 795 1782; x_wconf 88' lang='lat' dir='ltr'><strong>enim</strong></span> <span class='ocrx_word' id='word_1_279' title='bbox 820 1751 1009 1782; x_wconf 87' lang='lat' dir='ltr'><strong>libidine</strong></span> <span class='ocrx_word' id='word_1_280' title='bbox 1036 1752 1235 1792; x_wconf 84' lang='lat' dir='ltr'><strong>percitus</strong></span> <span class='ocrx_word' id='word_1_281' title='bbox 1262 1761 1367 1782; x_wconf 93' lang='lat' dir='ltr'><strong>esse</strong></span> <span class='ocrx_word' id='word_1_282' title='bbox 1393 1762 1475 1782; x_wconf 89' lang='lat' dir='ltr'><strong>uon</strong></span> <span class='ocrx_word' id='word_1_283' title='bbox 1502 1757 1658 1784; x_wconf 86' lang='lat' dir='ltr'><strong>cessat</strong></span> <span class='ocrx_word' id='word_1_284' title='bbox 1684 1753 1734 1784; x_wconf 83' lang='lat' dir='ltr'><strong>ob</strong></span> <span class='ocrx_word' id='word_1_285' title='bbox 1760 1754 2005 1785; x_wconf 82' lang='lat' dir='ltr'><strong>stultitiam</strong></span> 
     </span>
     <span class='ocr_line' id='line_1_28' title="bbox 219 1814 2006 1860; baseline 0.002 -14"><span class='ocrx_word' id='word_1_286' title='bbox 219 1825 395 1856; x_wconf 87' lang='lat' dir='ltr'><strong>semper</strong></span> <span class='ocrx_word' id='word_1_287' title='bbox 421 1814 630 1856; x_wconf 86' lang='lat' dir='ltr'><strong>mugiens.</strong></span> <span class='ocrx_word' id='word_1_288' title='bbox 683 1815 766 1856; x_wconf 81' lang='lat' dir='ltr'><strong>Ego</strong></span> <span class='ocrx_word' id='word_1_289' title='bbox 795 1815 1062 1846; x_wconf 84' lang='lat' dir='ltr'><strong>Ebn-Darah</strong></span> <span class='ocrx_word' id='word_1_290' title='bbox 1095 1825 1210 1856; x_wconf 75' lang='lat' dir='ltr'><strong>sum,</strong></span> <span class='ocrx_word' id='word_1_291' title='bbox 1247 1816 1292 1845; x_wconf 93' lang='lat' dir='ltr'><strong>ob</strong></span> <span class='ocrx_word' id='word_1_292' title='bbox 1321 1825 1444 1855; x_wconf 88' lang='lat' dir='ltr'><strong>quem</strong></span> <span class='ocrx_word' id='word_1_293' title='bbox 1482 1826 1618 1857; x_wconf 85' lang='lat' dir='ltr'><strong>genus</strong></span> <span class='ocrx_word' id='word_1_294' title='bbox 1645 1827 1771 1848; x_wconf 89' lang='lat' dir='ltr'><strong>meum</strong></span> <span class='ocrx_word' id='word_1_295' title='bbox 1797 1818 2006 1860; x_wconf 83' lang='lat' dir='ltr'><strong>cognitum</strong></span> 
     </span>
     <span class='ocr_line' id='line_1_29' title="bbox 223 1873 2008 1921; baseline 0.002 -14"><span class='ocrx_word' id='word_1_296' title='bbox 223 1881 294 1908; x_wconf 89' lang='lat' dir='ltr'><strong>est</strong></span> <span class='ocrx_word' id='word_1_297' title='bbox 319 1880 360 1908; x_wconf 80' lang='lat' dir='ltr'><strong>et</strong></span> <span class='ocrx_word' id='word_1_298' title='bbox 384 1886 471 1907; x_wconf 89' lang='lat' dir='ltr'><strong>num</strong></span> <span class='ocrx_word' id='word_1_299' title='bbox 497 1877 536 1906; x_wconf 89' lang='lat' dir='ltr'><strong>in</strong></span> <span class='ocrx_word' id='word_1_300' title='bbox 572 1877 668 1907; x_wconf 81' lang='lat' dir='ltr'><strong>viro</strong></span> <span class='ocrx_word' id='word_1_301' title='bbox 694 1877 853 1919; x_wconf 74' lang='lat' dir='ltr'><strong>Darah,</strong></span> <span class='ocrx_word' id='word_1_302' title='bbox 894 1886 912 1906; x_wconf 96' lang='grc' dir='ltr'><strong>ο</strong></span> <span class='ocrx_word' id='word_1_303' title='bbox 939 1873 1152 1908; x_wconf 84' lang='lat' dir='ltr'><strong>homines!</strong></span> <span class='ocrx_word' id='word_1_304' title='bbox 1181 1877 1447 1916; x_wconf 88' lang='lat' dir='ltr'><strong>opprobrium</strong></span> <span class='ocrx_word' id='word_1_305' title='bbox 1477 1874 1569 1908; x_wconf 69' lang='lat' dir='ltr'><strong>est?</strong></span> <span class='ocrx_word' id='word_1_306' title='bbox 1620 1877 1755 1908; x_wconf 83' lang='lat' dir='ltr'><strong>Radix</strong></span> <span class='ocrx_word' id='word_1_307' title='bbox 1792 1883 1874 1921; x_wconf 79' lang='lat' dir='ltr'><strong>est,</strong></span> <span class='ocrx_word' id='word_1_308' title='bbox 1912 1889 2008 1920; x_wconf 86' lang='lat' dir='ltr'><strong>quae</strong></span> 
     </span>
     <span class='ocr_line' id='line_1_30' title="bbox 219 1938 2007 1980; baseline 0.002 -11"><span class='ocrx_word' id='word_1_309' title='bbox 219 1940 259 1969; x_wconf 89' lang='lat' dir='ltr'><strong>in</strong></span> <span class='ocrx_word' id='word_1_310' title='bbox 286 1938 492 1980; x_wconf 84' lang='lat' dir='ltr'><strong>dignitate</strong></span> <span class='ocrx_word' id='word_1_311' title='bbox 519 1939 663 1970; x_wconf 89' lang='lat' dir='ltr'><strong>crevit</strong></span> <span class='ocrx_word' id='word_1_312' title='bbox 691 1944 732 1970; x_wconf 89' lang='lat' dir='ltr'><strong>et</strong></span> <span class='ocrx_word' id='word_1_313' title='bbox 758 1940 879 1970; x_wconf 84' lang='lat' dir='ltr'><strong>iusta</strong></span> <span class='ocrx_word' id='word_1_314' title='bbox 905 1942 1073 1980; x_wconf 82' lang='lat' dir='ltr'><strong>evasit,</strong></span> <span class='ocrx_word' id='word_1_315' title='bbox 1111 1939 1201 1969; x_wconf 91' lang='lat' dir='ltr'><strong>dum</strong></span> <span class='ocrx_word' id='word_1_316' title='bbox 1228 1941 1413 1969; x_wconf 76' lang='lat' dir='ltr'><strong>caeteras</strong></span> <span class='ocrx_word' id='word_1_317' title='bbox 1441 1940 1600 1970; x_wconf 83' lang='lat' dir='ltr'><strong>radices</strong></span> <span class='ocrx_word' id='word_1_318' title='bbox 1627 1943 1727 1971; x_wconf 88' lang='lat' dir='ltr'><strong>sive</strong></span> <span class='ocrx_word' id='word_1_319' title='bbox 1754 1951 1826 1972; x_wconf 89' lang='lat' dir='ltr'><strong>eas</strong></span> <span class='ocrx_word' id='word_1_320' title='bbox 1854 1947 2007 1972; x_wconf 89' lang='lat' dir='ltr'><strong>noscat</strong></span> 
     </span>
     <span class='ocr_line' id='line_1_31' title="bbox 219 1997 2004 2045; baseline 0.002 -14"><span class='ocrx_word' id='word_1_321' title='bbox 219 2001 307 2031; x_wconf 82' lang='lat' dir='ltr'><strong>sive</strong></span> <span class='ocrx_word' id='word_1_322' title='bbox 334 2009 403 2030; x_wconf 83' lang='lat' dir='ltr'><strong>eas</strong></span> <span class='ocrx_word' id='word_1_323' title='bbox 431 1999 622 2040; x_wconf 81' lang='lat' dir='ltr'><strong>ignoret,</strong></span> <span class='ocrx_word' id='word_1_324' title='bbox 650 2001 831 2040; x_wconf 86' lang='lat' dir='ltr'><strong>repellit</strong></span> <span class='ocrx_word' id='word_1_325' title='bbox 857 1997 891 2045; x_wconf 90' lang='lat' dir='ltr'><strong>(i.</strong></span> <span class='ocrx_word' id='word_1_326' title='bbox 920 2010 949 2032; x_wconf 89' lang='lat' dir='ltr'><strong>e.</strong></span> <span class='ocrx_word' id='word_1_327' title='bbox 979 2001 1036 2031; x_wconf 85' lang='lat' dir='ltr'><strong>sibi</strong></span> <span class='ocrx_word' id='word_1_328' title='bbox 1062 1998 1217 2044; x_wconf 74' lang='lat' dir='ltr'><strong>sufficit),</strong></span> <span class='ocrx_word' id='word_1_329' title='bbox 1256 2011 1273 2032; x_wconf 91' lang='lat' dir='ltr'><strong>e</strong></span> <span class='ocrx_word' id='word_1_330' title='bbox 1301 2002 1434 2031; x_wconf 89' lang='lat' dir='ltr'><strong>lumbo</strong></span> <span class='ocrx_word' id='word_1_331' title='bbox 1454 2002 1484 2041; x_wconf 83' lang='lat'><strong>⁴)</strong></span> <span class='ocrx_word' id='word_1_332' title='bbox 1513 2003 1651 2041; x_wconf 72' lang='lat' dir='ltr'><strong>Kaisi,</strong></span> <span class='ocrx_word' id='word_1_333' title='bbox 1689 2004 1779 2034; x_wconf 90' lang='lat' dir='ltr'><strong>dum</strong></span> <span class='ocrx_word' id='word_1_334' title='bbox 1815 2005 2004 2035; x_wconf 83' lang='lat' dir='ltr'><strong>avunculi</strong></span> 
     </span>
     <span class='ocr_line' id='line_1_32' title="bbox 220 2061 2004 2106; baseline 0.002 -13"><span class='ocrx_word' id='word_1_335' title='bbox 220 2062 303 2093; x_wconf 88' lang='lat' dir='ltr'><strong>mei</strong></span> <span class='ocrx_word' id='word_1_336' title='bbox 339 2072 444 2103; x_wconf 85' lang='lat' dir='ltr'><strong>gens</strong></span> <span class='ocrx_word' id='word_1_337' title='bbox 479 2061 746 2092; x_wconf 82' lang='lat' dir='ltr'><strong>Banu-Asad</strong></span> <span class='ocrx_word' id='word_1_338' title='bbox 781 2067 900 2103; x_wconf 83' lang='lat' dir='ltr'><strong>sunt,</strong></span> <span class='ocrx_word' id='word_1_339' title='bbox 941 2072 1048 2103; x_wconf 85' lang='lat' dir='ltr'><strong>gens</strong></span> <span class='ocrx_word' id='word_1_340' title='bbox 1089 2063 1468 2104; x_wconf 84' lang='lat' dir='ltr'><strong>generosissima,</strong></span> <span class='ocrx_word' id='word_1_341' title='bbox 1508 2064 1545 2093; x_wconf 89' lang='lat' dir='ltr'><strong>in</strong></span> <span class='ocrx_word' id='word_1_342' title='bbox 1580 2064 1727 2103; x_wconf 85' lang='lat' dir='ltr'><strong>quibus</strong></span> <span class='ocrx_word' id='word_1_343' title='bbox 1766 2065 2004 2106; x_wconf 84' lang='lat' dir='ltr'><strong>igniarium</strong></span> 
     </span>
     <span class='ocr_line' id='line_1_33' title="bbox 220 2122 2003 2168; baseline 0.001 -13"><span class='ocrx_word' id='word_1_344' title='bbox 220 2134 354 2155; x_wconf 83' lang='lat' dir='ltr'><strong>meum</strong></span> <span class='ocrx_word' id='word_1_345' title='bbox 381 2126 527 2165; x_wconf 88' lang='lat' dir='ltr'><strong>ignem</strong></span> <span class='ocrx_word' id='word_1_346' title='bbox 552 2124 719 2154; x_wconf 85' lang='lat' dir='ltr'><strong>emittit</strong></span> <span class='ocrx_word' id='word_1_347' title='bbox 746 2122 847 2162; x_wconf 84' lang='lat' dir='ltr'><strong>(cons.</strong></span> <span class='ocrx_word' id='word_1_348' title='bbox 878 2124 976 2154; x_wconf 81' lang='lat' dir='ltr'><strong>Meid.</strong></span> <span class='ocrx_word' id='word_1_349' title='bbox 1008 2125 1064 2165; x_wconf 83' lang='lat'><strong>11,</strong></span> <span class='ocrx_word' id='word_1_350' title='bbox 1093 2122 1177 2168; x_wconf 73' lang='lat'>26.)</span> <span class='ocrx_word' id='word_1_351' title='bbox 1214 2126 1355 2156; x_wconf 83' lang='lat' dir='ltr'><strong>Narrant</strong></span> <span class='ocrx_word' id='word_1_352' title='bbox 1374 2125 1535 2165; x_wconf 75' lang='lat' dir='ltr'><strong>Ahdijjum</strong></span> <span class='ocrx_word' id='word_1_353' title='bbox 1563 2125 1592 2155; x_wconf 90' lang='lat' dir='ltr'><strong>b.</strong></span> <span class='ocrx_word' id='word_1_354' title='bbox 1610 2126 1737 2157; x_wconf 79' lang='lat' dir='ltr'><strong>Arthah</strong></span> <span class='ocrx_word' id='word_1_355' title='bbox 1764 2126 1804 2156; x_wconf 85' lang='lat' dir='ltr'><strong>ad</strong></span> <span class='ocrx_word' id='word_1_356' title='bbox 1832 2127 2003 2158; x_wconf 83' lang='lat' dir='ltr'><strong>Ohmarum</strong></span> 
     </span>
    </p>
   </div>
   <div class='ocr_carea' id='block_1_3' title="bbox 247 2243 2004 2302">
    <p class='ocr_par' dir='ltr' id='par_1_3' title="bbox 247 2243 2004 2302">
     <span class='ocr_line' id='line_1_34' title="bbox 247 2243 2004 2302; baseline -0.001 -9"><span class='ocrx_word' id='word_1_357' title='bbox 247 2270 276 2299; x_wconf 87' lang='grc'><strong>1)</strong></span> <span class='ocrx_word' id='word_1_358' title='bbox 295 2271 394 2294; x_wconf 75' lang='lat' dir='ltr'><strong>Beatus</strong></span> <span class='ocrx_word' id='word_1_359' title='bbox 413 2269 444 2292; x_wconf 86' lang='lat' dir='ltr'><strong>de</strong></span> <span class='ocrx_word' id='word_1_360' title='bbox 460 2266 875 2299; x_wconf 68' lang='lat' dir='ltr'><strong>Suesadnotavitznjeuharius</strong></span> <span class='ocrx_word' id='word_1_361' title='bbox 893 2268 963 2291; x_wconf 85' lang='lat' dir='ltr'><strong>hunc</strong></span> <span class='ocrx_word' id='word_1_362' title='bbox 982 2274 1089 2292; x_wconf 67' lang='lat' dir='ltr'><strong>versum</strong></span> <span class='ocrx_word' id='word_1_363' title='bbox 1101 2269 1226 2292; x_wconf 77' lang='lat' dir='ltr'><strong>adserens</strong></span> <span class='ocrx_word' id='word_1_364' title='bbox 1244 2275 1264 2291; x_wconf 92' lang='lat' dir='ltr'><strong>s.</strong></span> <span class='ocrx_word' id='word_1_365' title='bbox 1285 2273 1310 2290; x_wconf 78' lang='lat' dir='ltr'><strong>v.</strong></span> <span class='ocrx_word' id='word_1_366' title='bbox 1328 2265 1395 2291; x_wconf 55' lang='lat' dir='ltr'><strong>Q&gt;</strong></span> <span class='ocrx_word' id='word_1_367' title='bbox 1419 2269 1498 2292; x_wconf 81' lang='lat' dir='ltr'><strong>habet</strong></span> <span class='ocrx_word' id='word_1_368' title='bbox 1515 2243 1629 2302; x_wconf 43' lang='lat'><strong>§.2⁴25-</strong></span> <span class='ocrx_word' id='word_1_369' title='bbox 1648 2269 1717 2293; x_wconf 72' lang='lat' dir='ltr'><strong>Vult</strong></span> <span class='ocrx_word' id='word_1_370' title='bbox 1726 2269 1899 2293; x_wconf 73' lang='lat' dir='ltr'><strong>Ferasdakus</strong></span> <span class='ocrx_word' id='word_1_371' title='bbox 1910 2268 2004 2293; x_wconf 75' lang='lat' dir='ltr'><strong>olima—</strong></span> 
     </span>
    </p>
   </div>
   <div class='ocr_carea' id='block_1_4' title="bbox 238 2318 2007 2592">
    <p class='ocr_par' dir='ltr' id='par_1_4' title="bbox 289 2318 2007 2440">
     <span class='ocr_line' id='line_1_35' title="bbox 291 2318 2007 2349; baseline -0.001 -6"><span class='ocrx_word' id='word_1_372' title='bbox 291 2326 367 2349; x_wconf 79' lang='lat' dir='ltr'><strong>rum,</strong></span> <span class='ocrx_word' id='word_1_373' title='bbox 392 2322 485 2348; x_wconf 68' lang='lat' dir='ltr'><strong>utpute</strong></span> <span class='ocrx_word' id='word_1_374' title='bbox 503 2318 686 2342; x_wconf 71' lang='lat' dir='ltr'><strong>Fesaricarum</strong></span> <span class='ocrx_word' id='word_1_375' title='bbox 708 2325 808 2349; x_wconf 83' lang='lat' dir='ltr'><strong>genere</strong></span> <span class='ocrx_word' id='word_1_376' title='bbox 832 2319 908 2342; x_wconf 83' lang='lat' dir='ltr'><strong>furto</strong></span> <span class='ocrx_word' id='word_1_377' title='bbox 933 2319 1072 2342; x_wconf 77' lang='lat' dir='ltr'><strong>adsuetum</strong></span> <span class='ocrx_word' id='word_1_378' title='bbox 1099 2325 1157 2342; x_wconf 65' lang='lat' dir='ltr'><strong>etse</strong></span> <span class='ocrx_word' id='word_1_379' title='bbox 1183 2322 1210 2342; x_wconf 86' lang='lat' dir='ltr'><strong>et</strong></span> <span class='ocrx_word' id='word_1_380' title='bbox 1233 2318 1340 2342; x_wconf 84' lang='lat' dir='ltr'><strong>solitum</strong></span> <span class='ocrx_word' id='word_1_381' title='bbox 1363 2318 1526 2342; x_wconf 75' lang='lat' dir='ltr'><strong>cauielarum</strong></span> <span class='ocrx_word' id='word_1_382' title='bbox 1546 2319 1715 2342; x_wconf 83' lang='lat' dir='ltr'><strong>concubitum</strong></span> <span class='ocrx_word' id='word_1_383' title='bbox 1735 2319 1760 2342; x_wconf 88' lang='lat' dir='ltr'><strong>in</strong></span> <span class='ocrx_word' id='word_1_384' title='bbox 1778 2318 1882 2342; x_wconf 74' lang='lat' dir='ltr'><strong>deliciis</strong></span> <span class='ocrx_word' id='word_1_385' title='bbox 1905 2318 2007 2342; x_wconf 75' lang='lat' dir='ltr'><strong>habere.</strong></span> 
     </span>
     <span class='ocr_line' id='line_1_36' title="bbox 291 2351 1998 2395; baseline -0.001 -7"><span class='ocrx_word' id='word_1_386' title='bbox 291 2363 550 2388; x_wconf 67' lang='lat' dir='ltr'><strong>Abu-l&#39;Moesz-nna</strong></span> <span class='ocrx_word' id='word_1_387' title='bbox 573 2363 678 2387; x_wconf 74' lang='lat' dir='ltr'><strong>videtur</strong></span> <span class='ocrx_word' id='word_1_388' title='bbox 699 2364 785 2388; x_wconf 77' lang='lat' dir='ltr'><strong>fuisse</strong></span> <span class='ocrx_word' id='word_1_389' title='bbox 808 2370 956 2395; x_wconf 80' lang='lat' dir='ltr'><strong>cognomen</strong></span> <span class='ocrx_word' id='word_1_390' title='bbox 977 2364 1082 2388; x_wconf 75' lang='lat' dir='ltr'><strong>Olunuri</strong></span> <span class='ocrx_word' id='word_1_391' title='bbox 1106 2364 1153 2388; x_wconf 79' lang='lat' dir='ltr'><strong>filii</strong></span> <span class='ocrx_word' id='word_1_392' title='bbox 1171 2351 1310 2388; x_wconf 69' lang='lat' dir='ltr'><strong>nobairzie.</strong></span> <span class='ocrx_word' id='word_1_393' title='bbox 1346 2364 1502 2388; x_wconf 77' lang='lat' dir='ltr'><strong>Praefectus</strong></span> <span class='ocrx_word' id='word_1_394' title='bbox 1521 2365 1613 2387; x_wconf 68' lang='lat' dir='ltr'><strong>{raone</strong></span> <span class='ocrx_word' id='word_1_395' title='bbox 1631 2370 1647 2386; x_wconf 83' lang='lat' dir='ltr'><strong>a</strong></span> <span class='ocrx_word' id='word_1_396' title='bbox 1665 2363 1752 2387; x_wconf 78' lang='lat' dir='ltr'><strong>lasido</strong></span> <span class='ocrx_word' id='word_1_397' title='bbox 1772 2363 1933 2387; x_wconf 79' lang='lat' dir='ltr'><strong>constitutus</strong></span> <span class='ocrx_word' id='word_1_398' title='bbox 1950 2368 1998 2386; x_wconf 78' lang='lat' dir='ltr'><strong>era</strong></span> 
     </span>
     <span class='ocr_line' id='line_1_37' title="bbox 289 2410 603 2440; baseline 0 -8"><span class='ocrx_word' id='word_1_399' title='bbox 289 2410 344 2434; x_wconf 82' lang='lat' dir='ltr'><strong>vid.</strong></span> <span class='ocrx_word' id='word_1_400' title='bbox 361 2410 492 2434; x_wconf 80' lang='lat' dir='ltr'><strong>Elmacin.</strong></span> <span class='ocrx_word' id='word_1_401' title='bbox 513 2416 538 2440; x_wconf 89' lang='lat' dir='ltr'><strong>p.</strong></span> <span class='ocrx_word' id='word_1_402' title='bbox 559 2410 603 2433; x_wconf 78' lang='grc'><strong>79.</strong></span> 
     </span>
    </p>

    <p class='ocr_par' dir='ltr' id='par_1_5' title="bbox 243 2456 1717 2507">
     <span class='ocr_line' id='line_1_38' title="bbox 243 2461 1717 2507; baseline 0 -21"><span class='ocrx_word' id='word_1_403' title='bbox 243 2461 275 2489; x_wconf 79' lang='lat'><strong>2)</strong></span> <span class='ocrx_word' id='word_1_404' title='bbox 293 2463 393 2486; x_wconf 79' lang='lat' dir='ltr'><strong>Beatus</strong></span> <span class='ocrx_word' id='word_1_405' title='bbox 411 2463 442 2486; x_wconf 82' lang='lat' dir='ltr'><strong>de</strong></span> <span class='ocrx_word' id='word_1_406' title='bbox 461 2466 568 2493; x_wconf 65' lang='lat' dir='ltr'><strong>sacsus</strong></span> <span class='ocrx_word' id='word_1_407' title='bbox 587 2461 742 2492; x_wconf 78' lang='lat' dir='ltr'><strong>adscripsit:</strong></span> <span class='ocrx_word' id='word_1_408' title='bbox 760 2466 838 2488; x_wconf 77' lang='lat' dir='ltr'><strong>estne</strong></span> <span class='ocrx_word' id='word_1_409' title='bbox 855 2463 994 2494; x_wconf 82' lang='lat' dir='ltr'><strong>turpitudo</strong></span> <span class='ocrx_word' id='word_1_410' title='bbox 1011 2465 1088 2490; x_wconf 77' lang='lat' dir='ltr'><strong>ultra</strong></span> <span class='ocrx_word' id='word_1_411' title='bbox 1105 2463 1304 2495; x_wconf 66' lang='lat' dir='ltr'><strong>turpitudinem.</strong></span> <span class='ocrx_word' id='word_1_412' title='bbox 1324 2469 1412 2507; x_wconf 42' lang='grc' dir='ltr'><strong>..ΞΡ</strong></span> <span class='ocrx_word' id='word_1_413' title='bbox 1435 2473 1479 2498; x_wconf 63' lang='lat' dir='ltr'><strong>U·</strong></span> <span class='ocrx_word' id='word_1_414' title='bbox 1504 2465 1545 2487; x_wconf 84' lang='lat' dir='ltr'><strong>est</strong></span> <span class='ocrx_word' id='word_1_415' title='bbox 1563 2467 1613 2492; x_wconf 77' lang='lat' dir='ltr'><strong>pro</strong></span> <span class='ocrx_word' id='word_1_416' title='bbox 1630 2465 1717 2504; x_wconf 60' lang='lat'><strong>¹5?</strong></span> 
     </span>
    </p>

    <p class='ocr_par' dir='ltr' id='par_1_6' title="bbox 240 2513 1161 2549">
     <span class='ocr_line' id='line_1_39' title="bbox 240 2513 1161 2549; baseline 0.005 -12"><span class='ocrx_word' id='word_1_417' title='bbox 240 2513 270 2544; x_wconf 85' lang='lat'><strong>3)</strong></span> <span class='ocrx_word' id='word_1_418' title='bbox 289 2514 348 2538; x_wconf 84' lang='lat' dir='ltr'><strong>Duo</strong></span> <span class='ocrx_word' id='word_1_419' title='bbox 367 2515 518 2546; x_wconf 79' lang='lat' dir='ltr'><strong>proverbia,</strong></span> <span class='ocrx_word' id='word_1_420' title='bbox 537 2521 650 2546; x_wconf 76' lang='lat' dir='ltr'><strong>quorum</strong></span> <span class='ocrx_word' id='word_1_421' title='bbox 668 2519 750 2539; x_wconf 74' lang='lat' dir='ltr'><strong>antea</strong></span> <span class='ocrx_word' id='word_1_422' title='bbox 765 2514 866 2539; x_wconf 85' lang='lat' dir='ltr'><strong>mentio</strong></span> <span class='ocrx_word' id='word_1_423' title='bbox 884 2515 958 2540; x_wconf 73' lang='lat' dir='ltr'><strong>facta</strong></span> <span class='ocrx_word' id='word_1_424' title='bbox 975 2520 1028 2549; x_wconf 80' lang='lat' dir='ltr'><strong>est,</strong></span> <span class='ocrx_word' id='word_1_425' title='bbox 1046 2517 1161 2548; x_wconf 79' lang='lat' dir='ltr'><strong>respicit.</strong></span> 
     </span>
    </p>

    <p class='ocr_par' dir='ltr' id='par_1_7' title="bbox 238 2557 1049 2592">
     <span class='ocr_line' id='line_1_40' title="bbox 238 2557 1049 2592; baseline 0.005 -10"><span class='ocrx_word' id='word_1_426' title='bbox 238 2557 272 2589; x_wconf 73' lang='lat'><strong>4)</strong></span> <span class='ocrx_word' id='word_1_427' title='bbox 290 2559 336 2584; x_wconf 88' lang='lat' dir='ltr'><strong>Sic</strong></span> <span class='ocrx_word' id='word_1_428' title='bbox 352 2559 426 2590; x_wconf 84' lang='lat' dir='ltr'><strong>dicit,</strong></span> <span class='ocrx_word' id='word_1_429' title='bbox 445 2561 516 2592; x_wconf 87' lang='lat' dir='ltr'><strong>quod</strong></span> <span class='ocrx_word' id='word_1_430' title='bbox 534 2560 563 2584; x_wconf 80' lang='lat' dir='ltr'><strong>in</strong></span> <span class='ocrx_word' id='word_1_431' title='bbox 579 2560 677 2585; x_wconf 84' lang='lat' dir='ltr'><strong>lumbis</strong></span> <span class='ocrx_word' id='word_1_432' title='bbox 696 2559 737 2584; x_wconf 80' lang='lat' dir='ltr'><strong>vis</strong></span> <span class='ocrx_word' id='word_1_433' title='bbox 755 2561 915 2592; x_wconf 71' lang='lat' dir='ltr'><strong>procreandi</strong></span> <span class='ocrx_word' id='word_1_434' title='bbox 932 2564 1049 2592; x_wconf 79' lang='lat' dir='ltr'><strong>putatur.</strong></span> 
     </span>
    </p>
   </div>
   <div class='ocr_carea' id='block_1_5' title="bbox 1759 2608 1805 2638">
    <p class='ocr_par' dir='ltr' id='par_1_8' title="bbox 1759 2608 1805 2638">
     <span class='ocr_line' id='line_1_41' title="bbox 1759 2608 1805 2638; baseline -0.022 0"><span class='ocrx_word' id='word_1_435' title='bbox 1759 2608 1805 2638; x_wconf 72' lang='lat'><strong>44</strong></span> 
     </span>
    </p>
   </div>
  </div>
 </body>
</html>
