2247 2865
984 85 1257 117 —410—

227 191 415 229 sequentem
441 187 611 227 pertinere.
665 185 853 216 Mersukius
879 189 986 215 autem
1009 185 1193 227 adnotavit,
1221 186 1322 216 verba
1348 182 1422 236 {boi
1446 182 1469 213 L·
1496 189 1552 216 aut
1586 185 1668 216 alios
1697 185 1859 216 deridendi
1884 182 2017 230 (Aba)

228 257 284 282 aut
310 251 521 282 calumniandi
548 260 645 281 causa
673 249 755 280 dicta
781 258 867 279 esse.
918 248 1018 279 Filios
1045 248 1147 289 Sijadi
1174 249 1308 278 maiores
1335 248 1621 287 honoratioresque
1648 256 1737 289 esse,
1766 258 1858 288 quam
1884 253 1919 279 ut
1944 248 2017 279 talis

228 325 335 346 sermo
363 315 402 346 de
428 316 467 345 iis
494 314 683 354 proferatur.

228 427 261 455 2.
283 423 363 455 Filii
381 424 522 454 mulieris
541 424 687 452 daemoni
704 422 950 459 comparandae,
984 431 1064 460 quae
1092 421 1217 458 yladios
1237 424 1387 450 secantes
1407 422 1544 459 peperit,
1574 430 1707 459 quorum
1729 424 1862 462 quisque
1886 422 2018 461 chalybs

954 479 1022 504 arse
1044 477 1204 514 confectus
1226 479 1282 504 est.

328 561 402 591 Illos
428 571 446 591 e
473 565 572 591 matre
599 559 889 599 excellentissima,
917 558 1020 588 indole
1047 567 1117 588 cum
1144 557 1349 588 daemonibus
1377 557 1588 597 comparanda
1615 559 1744 599 genitos
1773 568 1869 600 esse,
1896 568 2018 589 summa

227 624 260 654 vi
286 623 466 663 praeditos,
495 626 529 652 ut
557 621 663 663 gladio
691 619 871 660 penetranti
897 619 1019 649 similes
1047 620 1121 649 sint.
1174 620 1263 649 Loco
1303 620 1396 650 vocis
1432 609 1525 656 &2235
1562 620 1680 661 legitur
1712 609 1830 658 aiffa-35.
1882 621 2017 651 Kamusi

226 703 337 728 auctor
363 697 526 737 opiniones
556 696 595 726 de
622 705 702 726 voce
730 695 877 725 diversas
905 695 1064 725 adducens
1093 695 1191 736 dixit,
1228 704 1311 724 voce
1350 694 1524 735 significari
1561 699 1691 736 gentem
1729 696 1937 736 daemonum,
1976 696 2016 727 ad

227 771 319 802 quam
344 762 502 792 referendi
529 766 642 792 essent
669 770 767 791 canes
795 761 877 801 nigri
905 761 1105 797 unicolores,
1143 763 1197 788 aut
1232 757 1370 787 infimam
1408 757 1596 788 daemonum
1632 758 1773 797 speciem
1809 763 1863 789 aut
1892 758 2013 789 debiles

226 833 336 853 eorum
362 828 417 853 aut
446 833 542 853 canes
570 833 690 860 eorum,
719 827 775 852 aut
801 827 966 853 creaturas
994 821 1130 851 medium
1158 825 1306 850 tenentes
1335 821 1415 850 inter
1443 820 1617 850 daemones
1644 820 1863 861 hominesque.
1905 822 2016 851 Banu-

225 885 319 915 Honn
346 895 425 915 vero
452 896 564 916 nomen
590 886 698 927 gentis
728 895 803 916 esse
833 885 872 915 ad
902 890 1033 926 gentem
1060 884 1217 913 Kodhaah
1245 884 1445 923 pertinentis.
1508 884 1601 913 Honn
1638 893 1715 913 esse
1747 883 1842 913 filium
1870 883 2017 923 Darradji

226 951 259 976 et
285 947 472 977 avunculum
500 947 627 987 Kozajji
655 947 683 977 b.
712 947 803 977 Cilab
831 946 1026 977 scholiastes
1061 945 1184 975 adtulit.
1248 946 1381 975 Kamusi
1418 950 1531 975 auctor
1570 950 1692 985 partem
1727 945 1833 985 gentis
1869 945 2017 976 Ohdsrah

227 1002 346 1054 (δ’)ιλε)
376 1019 452 1040 esse
482 1010 569 1041 dixit.
624 1010 773 1041 Ohsdrah
801 1014 904 1040 autem
932 1014 1055 1049 partem
1084 1008 1191 1049 gentis
1220 1008 1418 1037 Iemanensis
1448 1007 1607 1038 Kodhaah
1637 1008 1758 1049 fuisse,
1786 1018 1827 1038 ex
1855 1009 2017 1039 Ebu-Ko-

225 1072 343 1103 taibahi
369 1073 447 1103 libro
474 1084 504 1113 p.
533 1074 611 1104 140.
640 1075 799 1105 discimus
853 1074 924 1104 Viri
949 1073 1051 1102 fortes
1079 1081 1148 1100 cum
1177 1070 1289 1112 gladiis
1317 1075 1556 1111 comparantur,
1597 1070 1654 1100 sed
1691 1075 1725 1100 ut
1756 1070 1816 1101 hoc
1851 1072 1881 1101 in
1907 1080 2017 1112 versu,

224 1136 271 1166 sic
299 1146 328 1175 p.
357 1137 391 1166 iti
419 1146 450 1165 v.
481 1137 513 1166 4.
541 1136 600 1176 ipsi
628 1137 724 1178 gladii
752 1136 903 1176 appellati
930 1141 1016 1165 sunt.
1069 1135 1112 1164 Ut
1135 1138 1241 1163 autom
1268 1133 1394 1174 gladios
1414 1138 1562 1172 tanquam
1583 1134 1835 1172 perfectissimos
1854 1134 2016 1177 designet,

224 1198 311 1229 addit
336 1203 500 1238 secantes,
542 1208 619 1238 puro
649 1198 783 1239 chalybe
811 1203 842 1228 et
871 1202 939 1228 arte
976 1197 1145 1228 confectos
1179 1196 1224 1236 (s.
1261 1197 1403 1235 tenues).
1462 1197 1570 1227 Verba
1595 1202 1683 1247 &zm
1699 1197 1765 1243 553
1793 1197 1856 1239 ῳί
1884 1209 2015 1230 causam

224 1261 363 1299 addunt,
401 1270 458 1290 cur
493 1261 589 1302 gladii
627 1262 669 1290 illi
710 1266 858 1291 secantes
894 1263 965 1291 sint.
1031 1261 1080 1289 De
1115 1270 1197 1289 voce
1221 1258 1283 1303 25⁸³
1310 1260 1458 1289 conferas
1485 1269 1514 1299 p.
1547 1258 1586 1289 ΗΛ
1613 1271 1646 1291 v.
1675 1261 1708 1290 2.
1759 1263 1832 1292 Hoc
1858 1263 1888 1292 in
1916 1274 2015 1295 versu

223 1321 366 1361 chalybis
392 1321 494 1360 ipsius
522 1321 791 1362 significationem
818 1321 925 1361 habet,
952 1327 987 1351 ut
1013 1321 1132 1360 nescio,
1161 1331 1233 1351 num
1263 1326 1352 1351 recte
1379 1321 1494 1351 dixerit
1519 1322 1732 1353 scholiastes:
1762 1325 1785 1354 Ι,
1803 1334 1832 1354 e.
1849 1325 2016 1358 consectus

223 1383 306 1413 inter
332 1384 451 1414 ferrum
481 1384 575 1414 molle
601 1389 634 1414 et
660 1385 838 1425 chalybem,
867 1385 979 1423 quibus
1007 1385 1117 1414 verbis
1144 1384 1327 1425 significare
1350 1385 1496 1414 voluisse
1517 1385 1655 1427 videtur,
1683 1397 1780 1417 enses
1800 1398 1905 1428 neque
1923 1390 2016 1420 nimis

223 1445 321 1475 duros
348 1456 435 1488 esse,
463 1451 498 1476 ut
527 1446 721 1487 frangantur
755 1457 857 1487 neque
887 1446 978 1476 nimis
1008 1446 1129 1484 molles,
1158 1451 1192 1476 ut
1209 1447 1393 1478 flectantur.
1447 1448 1525 1477 Mihi
1553 1458 1619 1478 vox
1645 1455 1732 1498 &Aac
1759 1451 1885 1482 videtur
1910 1453 2016 1494 signi-

223 1506 334 1550 ficare,
362 1518 460 1538 enses
487 1509 568 1539 istos
596 1519 657 1538 non
685 1519 703 1538 e
731 1509 798 1539 rudi
825 1508 959 1549 chalybe
988 1508 1114 1547 factos,
1144 1508 1200 1539 sed
1229 1512 1297 1539 arte
1324 1515 1514 1548 praeparato
1543 1510 1717 1541 fabricatos
1743 1522 1830 1544 esse.
1882 1515 2016 1545 Mersu-

711 1577 778 1600 ιω
793 1578 828 1602 ut
858 1573 887 1602 in
914 1582 993 1602 ense
1020 1574 1070 1602 sic
1098 1580 1224 1612 quoque
1251 1571 1280 1600 in
1308 1580 1389 1609 equo
1418 1571 1579 1614 adhiberi,
1617 1576 1690 1604 voci
1717 1575 1882 1605 tenuitatis
1909 1577 2015 1618 signi-

708 1597 738 1622 (a

224 1633 400 1664 ficationem
427 1634 556 1665 dedisse
584 1636 724 1666 videtur.
778 1636 904 1665 Arabes
933 1637 1013 1664 enim
1044 1634 1083 1664 ad
1110 1639 1271 1663 certamen
1299 1642 1411 1672 equum
1441 1636 1660 1673 praeparaturi
1687 1637 1801 1675 pabulo
1833 1638 2014 1670 abundante

224 1570 294 1600 kius
320 1581 399 1601 vero
427 1572 550 1610 dicens,
578 1582 691 1602 vocem

224 1698 323 1735 primo
352 1697 502 1726 nutritum
532 1706 586 1736 per
614 1698 822 1738 quadraginta
850 1698 918 1728 dies
945 1698 1061 1737 pabulo
1088 1697 1207 1727 modico
1236 1700 1267 1726 et
1294 1700 1447 1726 consueto
1479 1697 1553 1726 dato
1582 1697 1612 1727 in
1645 1697 1852 1737 hippodromo
1877 1710 2015 1731 exerce-

224 1759 310 1799 bant,
338 1764 372 1789 ut
398 1760 528 1800 gracilis
557 1765 589 1790 et
616 1760 655 1790 ad
685 1761 874 1791 currendum
901 1761 1004 1800 aptior
1032 1760 1131 1790 fieret.
1160 1760 1250 1789 lianc
1277 1768 1356 1788 vero
1385 1769 1449 1788 rem
1469 1759 1567 1788 verbo
1582 1764 1651 1806 &tao
1668 1760 1838 1801 designare
1852 1762 2012 1799 solebant.

222 1867 254 1895 3.
277 1868 441 1897 Ruhialzus
463 1879 481 1897 ιι
504 1879 551 1897 me
572 1873 709 1899 remolus
732 1879 867 1899 amorem
889 1880 989 1899 »neum
1011 1871 1197 1907 qratia-sque
1215 1870 1373 1904 postremo
1395 1869 1500 1903 yenlis
1523 1866 1641 1896 Glzalib
1664 1869 1728 1896 viro
1752 1871 1833 1899 emit.

323 1938 421 1976 Dixit,
447 1937 626 1969 Rabiahum
656 1940 753 1980 longa
780 1939 932 1970 distantia
950 1924 997 1969 ¹ab
1025 1939 1095 1978 ipso
1123 1942 1279 1966 remotum
1309 1941 1415 1965 tantas
1441 1936 1563 1976 gratias
1592 1941 1624 1966 et
1651 1947 1790 1969 amorem
1819 1941 1944 1982 mereri,
1979 1946 2014 1972 ut

224 2001 384 2036 postremo
413 2001 518 2040 gentis
547 2000 663 2031 Ghalib
700 2002 770 2030 vir'o
807 2002 992 2032 obstrictum
1030 2010 1067 2030 se
1100 2005 1201 2040 putet.
1264 1999 1466 2029 Scholiastes
1494 2009 1512 2029 a
1538 2000 1637 2030 verbo
1663 2003 1741 2045 ὀμ
1767 2012 1882 2032 nomen
1919 2007 2014 2049 &25³³

223 2059 471 2090 similitudo
499 2062 676 2092 derivatum
704 2073 780 2093 esse
817 2066 929 2093 censet
968 2067 1089 2093 mutata
1123 2063 1231 2092 littera
1257 2076 1293 2102 ι5
1321 2062 1350 2091 in
1379 2062 1516 2092 litteram
1541 2080 1581 2102 >-
1634 2063 1667 2093 ld
1707 2064 1776 2094 fieri
1815 2065 1938 2107 solere,
1978 2072 2012 2098 ut

223 2131 335 2151 nomen
362 2122 400 2151 ab
427 2122 586 2152 adiectivo
614 2124 838 2166 distinguatur.
891 2125 946 2155 Sic
972 2134 1087 2154 nomen
1112 2126 1199 2165 &3225
1228 2129 1328 2154 ortum
1360 2134 1446 2153 esse.
1468 2150 1471 2151 γ
1514 2125 1624 2156 Verba
1649 2131 1731 2164 ιλτμιρ
1757 2141 1800 2165 ψη
1826 2130 1925 2158 statui
1951 2130 2012 2160 viri

223 2183 430 2212 describendo
460 2184 628 2216 inservire.
702 2186 792 2225 Quae
827 2187 858 2217 in
894 2187 1024 2217 scholiis
1066 2187 1156 2217 vocis
1198 2183 1296 2230 κόμμι]
1335 2186 1504 2225 explicatio
1542 2188 1706 2227 sequitur,
1739 2199 1779 2219 ea
1808 2189 1848 2219 ad
1883 2199 2011 2220 versum

222 2238 289 2281 (ι).
312 2238 438 2281 232.)
465 2248 595 2284 primum
624 2248 771 2286 pertinet.
802 2249 938 2279 Causam
971 2253 1088 2287 autem,
1117 2258 1173 2278 cur
1201 2249 1406 2279 Ali-abiahum
1436 2250 1591 2291 laudaret,
1620 2251 1701 2281 hanc
1737 2251 1839 2281 fuisse
1871 2256 2010 2282 narrant.

222 2308 387 2339 Rabiahus
417 2310 508 2338 Kaisi
535 2309 662 2340 loricam
690 2316 832 2341 eruturus
860 2311 1001 2341 licitatus
1030 2315 1119 2352 erat,
1155 2310 1228 2340 dum
1269 2311 1320 2340 ille
1348 2320 1431 2350 equo
1469 2311 1659 2353 vehebatur,
1696 2312 1748 2342 hic
1774 2312 1906 2352 pedibus
1934 2312 2010 2342 ibat.

221 2370 386 2402 Rabiahus
425 2381 519 2411 quum
560 2372 689 2403 loricam
734 2373 763 2402 in
803 2378 927 2413 partem
968 2371 1107 2412 ephippii
1148 2371 1388 2401 eminentiorem
1430 2372 1614 2414 attolleret,
1652 2382 1755 2413 equus
1791 2373 1921 2403 territus
1949 2383 2009 2404 au-

221 2432 313 2473 fugit.
365 2433 485 2463 Kaisus
517 2434 659 2474 veritus,
696 2443 734 2463 ne
775 2435 902 2464 loricam
941 2434 1116 2473 amitteret,
1155 2438 1283 2472 arrepta
1311 2433 1434 2464 habena
1464 2434 1598 2465 Rabiahi
1625 2441 1780 2476 matrem,
1815 2435 2009 2476 Fathimam,

221 2493 317 2523 filiam
346 2494 559 2531 Chorschobi,
587 2495 728 2535 pignoris
754 2495 822 2525 loco
851 2495 990 2524 retinere
1016 2494 1158 2523 volebat.
1213 2494 1267 2523 Illa
1297 2499 1402 2525 autem
1430 2495 1524 2526 dixit:
1562 2495 1634 2533 Quo
1662 2504 1752 2525 mens
1781 2499 1835 2525 tua
1861 2495 1954 2535 abiit,
1988 2505 2007 2525 ο

219 2552 339 2586 Kaise!
369 2566 538 2598 sperasne,
567 2567 631 2588 rem
660 2563 746 2589 tuam
773 2568 842 2589 cum
871 2557 988 2587 familia
1017 2557 1116 2597 Sijadi
1146 2558 1259 2587 bonam
1290 2553 1427 2588 futuram
1455 2567 1543 2599 esse,
1572 2560 1601 2588 si
1628 2567 1737 2587 eorum
1765 2562 1897 2588 matrem
1926 2557 2009 2588 dex-
