2247 2865
939 85 1208 116 —617—

174 184 288 216 remoti
315 186 377 216 sint
405 196 424 216 a
449 185 608 227 domibus,
645 186 673 216 si
698 185 737 216 ad
765 186 877 216 hostes
905 185 1102 224 repellendos
1130 189 1183 215 aut
1213 184 1421 214 incursionem
1450 184 1623 214 faciendam
1652 195 1731 225 opus
1759 191 1852 223 suut,
1879 186 1962 226 apud

173 248 286 279 domos
313 249 444 290 adligati
472 258 547 278 esse
574 248 689 278 solent.
719 248 817 277 l’octa
844 251 947 277 nutem
975 257 1073 286 equos
1101 247 1199 277 hosce
1227 256 1295 276 cum
1323 246 1428 285 capris
1457 246 1597 285 regionis
1627 248 1736 286 llidjus
1764 258 1960 288 comparans,

174 310 282 340 dicere
308 310 393 348 vult,
419 313 464 340 tot
491 318 588 349 equos
617 310 732 339 circum
759 308 868 338 domos
896 310 977 338 ultro
1007 309 1144 348 cinoque
1172 311 1236 347 ire,
1264 313 1338 347 quot
1368 318 1483 347 cuprne
1511 309 1539 337 in
1558 309 1689 347 regione
1707 310 1831 348 llidjas.
1861 310 1961 339 com-

173 371 303 411 parandi
332 371 411 401 ratio
438 376 544 402 autem
573 371 709 401 maxime
736 370 935 400 multitudiue
963 375 994 400 et
1022 380 1072 409 ρο,
1101 370 1185 410 quod
1215 371 1313 400 libere
1340 370 1502 409 incedunt,
1530 371 1648 400 nititur.
1702 370 1806 409 Regio
1835 372 1960 411 llidjns,

174 441 268 472 quum
296 438 443 462 moritana
470 433 524 472 sit,
549 432 654 471 capris
681 432 801 462 alendis
831 433 967 462 maxime
998 433 1110 463 idonea
1139 437 1190 461 est
1219 433 1286 470 (De
1312 431 1371 462 hac
1397 432 1559 470 provincia
1587 431 1690 461 conl'.
1708 432 1814 461 Abull'.
1836 432 1959 471 Geogr.

175 504 204 533 p.
231 507 262 522 νΑ
289 495 369 534 sq.).
423 495 528 525 Verba
555 492 673 542 *stillx'll
702 494 818 543 [ἐζ-,θῶ
849 495 967 525 addidit
995 495 1235 536 significaturus
1272 504 1384 534 capras
1416 495 1513 524 libere
1549 495 1704 525 incedere.
1758 496 1960 526 Scholiastes

173 554 352 596 adnotavit,
375 556 561 595 particulam
588 558 635 586 o&
659 557 866 596 supplendam
903 567 999 598 esse,
1034 562 1068 587 ut
1106 558 1205 587 forma
1241 557 1401 596 praeteriti
1429 557 1526 586 statui
1553 557 1760 587 describendo
1788 559 1890 597 aptior
1918 559 1961 588 sit

175 617 276 646 cons.
306 616 416 648 Graiu.
442 617 497 647 Ar.
526 619 562 647 Τ.
593 619 630 648 11.
658 628 686 657 p.
714 618 786 648 385
813 628 860 658 sq.
921 619 1061 650 Similem
1097 626 1203 650 autem
1239 629 1367 649 sensnm
1407 625 1502 658 poeta
1537 621 1688 650 Salamah
1716 622 1743 650 b.
1773 621 1960 652 Chorschob

176 680 383 720 sequentibus
410 681 518 711 verbis
549 682 711 721 expressit
737 679 844 723 (metr.
872 679 1030 724 'l‘hawil):
1069 682 1225 712 Portas
1263 681 1548 711 tentoriorum
1576 682 1698 721 equis
1727 683 1959 722 gracilibus

177 742 408 774 obstruunt
434 743 540 783 apud
570 744 740 784 caulas,
768 744 854 775 dnm
882 754 1022 775 eorum
1051 746 1288 786 (equorum)
1319 744 1441 774 funes
1482 744 1671 774 firmiter
1700 745 1823 786 ligati
1849 748 1957 776 sunt.

178 829 224 857 11.
250 830 400 859 Omnibus
424 831 600 860 hominihus
622 842 638 860 e
659 835 752 868 {lente
774 831 908 862 Jlmrlul.
931 828 1059 871 (intimi)
1078 831 1221 869 familiae
1243 834 1365 858 (ructas
1387 830 1535 867 latusque
1557 832 1612 861 est,
1639 839 1698 867 quo
1721 830 1918 866 confugium.

178 883 230 912 12.
255 883 298 912 Et
320 893 377 912 nos
399 885 539 914 homines
562 895 686 923 sumus,
709 887 821 924 quihus
843 886 972 923 llidjasi
993 888 1078 923 reyio
1098 887 1203 922 putria
1226 894 1287 913 mm
1310 888 1366 920 esl,
1401 894 1469 913 cum
1491 884 1601 921 pluria
1626 892 1689 911 non
1710 885 1907 922 invenimur,
1932 887 1961 912 et

903 943 973 978 quis
996 949 1153 977 superans
1175 938 1243 967 est?

277 1007 318 1037 lli
344 1016 468 1049 versus,
495 1009 545 1047 qui
573 1009 601 1038 in
617 1009 773 1039 Mersukii
800 1010 912 1039 codice
931 1009 1164 1050 desiderantur,
1192 1018 1262 1038 cum
1281 1007 1434 1046 prioribus
1455 1015 1551 1036 sensu
1569 1015 1630 1035 non
1650 1006 1831 1045 cohaerent,
1859 1015 1960 1045 neque

178 1068 335 1108 quomodo
362 1070 442 1099 inter
478 1080 515 1100 se
554 1071 686 1101 connexi
726 1072 808 1107 sint,
851 1076 948 1111 patet.
1002 1070 1120 1100 Maahd
1148 1070 1230 1100 silius
1259 1070 1384 1099 Ahdani
1412 1074 1479 1107 est,
1518 1079 1536 1098 e
1563 1078 1623 1107 quo
1655 1069 1779 1098 Arabes
1807 1068 1961 1108 originem

178 1130 335 1162 duxerunt
351 1129 411 1175 (co
422 1143 440 1162 n
452 1133 472 1162 f.
486 1133 702 1164 Ebu—Kotaib.
721 1144 750 1174 p.
767 1131 858 1177 63.);
879 1134 1005 1163 Arabes
1020 1133 1115 1173 igitur
1130 1131 1358 1172 significantur.
1388 1131 1462 1161 Vox
1479 1129 1560 1175 3)oe
1576 1131 1646 1160 aliis
1660 1130 1810 1159 minorem
1825 1134 1962 1170 gentem,

181 1202 274 1231 quam
300 1204 366 1224 vox
390 1193 488 1234 ϊὼρ,
526 1196 595 1225 aliis
630 1206 779 1236 magnam
805 1201 934 1237 gentem
967 1194 1152 1235 significans
1191 1194 1264 1224 voci
1292 1191 1385 1234 Uul-2135
1413 1193 1602 1233 adpositioni
1630 1197 1689 1222 est.
1743 1192 1817 1222 Vox
1843 1203 1963 1237 χρυ-τι,

180 1254 228 1284 cui
254 1263 376 1294 quoque
403 1257 464 1295 pali
492 1257 617 1287 tentorii
643 1257 832 1298 significatio
860 1263 922 1298 est,
951 1258 981 1287 in
1008 1258 1069 1288 hoe
1096 1267 1213 1298 versu,
1250 1258 1366 1297 quippe
1404 1266 1475 1287 cum
1503 1265 1584 1285 voce
1617 1254 1719 1294 esth>
1747 1255 1965 1295 coniungenda

181 1315 235 1352 sit,
261 1320 385 1346 tractus
413 1317 676 1358 significationem
702 1318 900 1348 tribuendam
928 1323 1013 1358 puto.
1066 1320 1099 1348 lu
1127 1319 1186 1349 alia
1214 1329 1307 1359 quam
1335 1318 1505 1358 prosodiae
1533 1317 1764 1358 significatione
1792 1326 1896 1357 genus
1914 1316 1965 1346 fe-

184 1377 330 1408 mininum
358 1379 387 1408 ei
414 1380 584 1409 convenire
611 1380 754 1410 videmus
782 1380 908 1418 (conf.
939 1380 1050 1412 Gram.
1078 1382 1134 1411 Ar.
1162 1382 1239 1410 'r.1.
1268 1391 1298 1420 p.
1320 1380 1432 1419 345.)
1470 1379 1670 1409 Scholiastes
1698 1381 1770 1408 voci
1797 1379 1892 1407 viae
1918 1378 1966 1407 si-

181 1440 412 1481 gnificationem
443 1451 518 1473 esse
545 1443 652 1473 dicens
679 1442 738 1473 hoc
765 1443 794 1473 in
822 1454 920 1475 versu
948 1444 1086 1482 dorsi,
1123 1453 1200 1483 quo
1237 1446 1333 1483 quis
1375 1443 1580 1482 fulcitur,
1620 1445 1659 1470 et
1688 1441 1726 1469 in
1755 1440 1879 1469 rebus
1906 1439 1967 1468 ni-

183 1504 289 1534 titur
315 1505 578 1546 significationem
606 1507 776 1536 convenire
804 1506 974 1537 contendit.
1036 1507 1144 1537 Verba
1178 1515 1261 1535 cum
1297 1505 1445 1544 pluvia
1478 1513 1555 1533 non
1588 1503 1827 1532 invenimur
1863 1501 1967 1542 signi-

182 1567 291 1607 ficant,
319 1577 376 1597 eos
404 1568 432 1597 in
462 1568 656 1608 regionibus,
685 1570 736 1599 ubi
764 1570 869 1609 pluvia
895 1569 1032 1609 decidat,
1059 1578 1120 1598 non
1146 1567 1287 1597 inveniri.
1334 1567 1435 1596 Poeta
1461 1575 1551 1595 suam
1579 1569 1709 1606 gentem
1738 1569 1882 1602 tanquam
1910 1572 1969 1602 pa-

185 1631 310 1659 tientem
337 1629 514 1669 sortemque
541 1630 701 1673 describit,
729 1633 843 1672 quippe
871 1641 952 1671 quae
979 1632 1067 1671 ipsas
1095 1631 1244 1671 regiones
1273 1629 1423 1658 infertiles
1451 1628 1575 1657 incolat.

184 1724 238 1754 13.
268 1725 409 1764 Vespera?
429 1728 561 1757 mullum
585 1729 677 1757 lactis
702 1729 809 1758 bibunt
831 1729 996 1766 eodemque
1017 1728 1103 1755 modo
1125 1736 1225 1756 mune.
1250 1726 1294 1756 Oh
1310 1735 1435 1754 cursum
1453 1728 1554 1753 aulem
1569 1723 1709 1761 ytaciles
1727 1723 1870 1760 aridique
1886 1724 1970 1749 sunt.

285 1807 319 1836 ln
345 1807 407 1838 hoc
433 1818 542 1846 versu,
569 1809 712 1849 quicum
739 1809 860 1839 decimo
888 1809 1052 1848 cohaeret,
1080 1808 1237 1848 quomodo
1265 1807 1336 1846 equi
1364 1806 1489 1836 alantur
1517 1809 1547 1834 et
1575 1804 1730 1844 quomodo
1758 1813 1793 1833 se
1822 1804 1971 1840 habeant,

189 1866 360 1903 describit:
393 1869 451 1899 sed
477 1870 594 1909 duplex
620 1872 847 1910 interpretandi
875 1872 986 1902 modus
1012 1871 1178 1900 iuvenitur.
1231 1870 1330 1906 l'nus,
1369 1878 1460 1907 quein
1488 1868 1517 1896 in
1552 1868 1702 1896 versione
1739 1866 1972 1905 expressimus,

188 1929 290 1959 alendi
317 1929 442 1960 modum
469 1931 570 1965 docel.
622 1933 720 1972 Equis
748 1934 795 1964 lac
822 1935 1012 1964 camelorum
1039 1933 1107 1962 dari
1136 1933 1242 1962 llam.
1271 1934 1297 1960 ΙἸ
1326 1930 1396 1962 infr.
1424 1935 1455 1960 et
1482 1932 1531 1958 5⁴⁴·1x
1558 1940 1590 1961 v.
1622 1930 1650 1959 l.
1678 1930 1826 1962 vidimus.
1868 1928 1974 1958 Scho-

188 1991 300 2021 liastes
330 1991 415 2032 dicit,
443 2003 540 2023 voces
567 2006 657 2045 &⁹¹⁹⁰
683 2001 716 2026 et
741 2008 842 2036 034³:
868 1996 1001 2026 eandem
1029 1995 1171 2034 formam,
1199 2004 1292 2034 quam
1312 1990 1398 2037 >52³5
1425 1997 1456 2022 et
1476 1999 1590 2037 )>5⁸*
1615 1992 1731 2021 habere
1758 1995 1788 2021 et
1814 1991 1974 2031 significa-

190 2054 326 2085 tionibus
354 2056 474 2085 similes
500 2056 561 2086 illis
590 2067 665 2086 esse
726 2058 865 2088 Sensum
892 2059 1026 2088 similem
1055 2058 1083 2087 in
1111 2058 1219 2087 verbis
1248 2061 1362 2095 poetae
1389 2055 1511 2084 invenit
1531 2052 1639 2095 (metr.
1654 2050 1811 2095 Redjes):
1845 2053 1974 2082 Eden-

189 2116 278 2146 dam
306 2117 361 2146 iis
389 2119 549 2158 (equis)
578 2119 720 2149 damus
748 2129 928 2159 earnem,
966 2129 1085 2159 quum
1114 2119 1279 2159 plantae
1306 2127 1426 2147 rarae
1464 2120 1562 2146 sunt
1599 2121 1631 2145 et
1659 2126 1781 2146 carnem
1810 2125 1864 2154 pro
1891 2115 1975 2144 lacte

193 2184 317 2218 poetam
347 2180 468 2210 dixisse
494 2181 564 2210 vult
590 2186 623 2210 et
649 2181 677 2210 iu
706 2181 796 2210 hisce
823 2181 931 2210 verbis
960 2182 1068 2219 (metr.
1095 2181 1244 2218 Basithj:
1297 2179 1471 2218 Accipit
1511 2178 1860 2208 medicamentum
1901 2186 1975 2216 op-

193 2243 279 2276 timi
328 2243 572 2281 incolarum,
620 2243 666 2273 ed
679 2244 808 2275 ucati.
887 2243 1044 2273 Pluralem
1084 2240 1189 2279 ῳὶὶ>ἳ
1229 2242 1386 2281 adhibuit,
1440 2246 1474 2270 ut
1514 2240 1562 2270 lac
1603 2241 1734 2270 multum
1769 2238 1975 2279 significaret.

193 2305 356 2334 Posterior
384 2313 458 2344 pars
486 2313 614 2334 causam
641 2303 744 2345 addit,
773 2314 846 2345 cur,
879 2306 939 2335 etsi
976 2310 1036 2335 tam
1065 2305 1144 2335 bene
1181 2305 1261 2334 lacte
1289 2304 1398 2333 nutriti
1428 2303 1511 2340 sint,
1550 2307 1652 2332 tamen
1679 2301 1816 2341 graciles
1843 2305 1875 2329 et
1901 2299 1977 2329 aridi

193 2356 267 2396 sint.
298 2365 423 2396 Cursus
450 2365 479 2394 in
507 2365 635 2404 proeliis
664 2370 719 2395 aut
746 2366 967 2396 certaminibus
995 2376 1052 2396 eos
1069 2367 1237 2406 emaciant,
1265 2366 1381 2395 namin
1404 2365 1564 2395 itineribus
1583 2363 1712 2392 camelis
1729 2362 1801 2391 vehi
1821 2362 1976 2391 solebant.

193 2429 396 2459 Scholiastes
424 2428 452 2457 in
480 2429 600 2458 variam
626 2429 817 2458 sententiam
844 2429 963 2459 abiisse
989 2428 1116 2459 videtur
1149 2428 1273 2458 dicens:
1301 2431 1402 2471 ῥῶ,
1436 2429 1523 2474 &ka-23
1553 2422 1625 2463 ὶέέἱ.
1678 2424 1800 2453 Arabes
1839 2423 1878 2452 ad
1904 2432 1976 2452 cer-

194 2496 300 2521 tamen
327 2501 427 2530 equos
455 2491 672 2530 praeparaturi
701 2490 814 2530 pabulo
841 2491 1020 2521 abundante
1047 2491 1179 2531 primum
1207 2500 1308 2530 equos
1336 2489 1533 2528 nutriebant,
1572 2492 1606 2517 ut
1632 2486 1884 2526 pinguefierent,
1911 2491 1976 2515 tum

196 2553 311 2592 pabulo
338 2553 492 2584 diminuto
519 2552 549 2582 in
577 2551 784 2592 hippodromo
811 2560 869 2582 eos
895 2553 1109 2593 exercebant,
1147 2558 1181 2582 ut
1215 2552 1448 2582 emaciarentur
1474 2553 1506 2579 et
1541 2549 1580 2579 ad
1617 2548 1804 2578 currendum
1838 2547 1976 2586 aptiores

1728 2608 1773 2638 70·
