2247 2865
1124 107 1156 129 ΙΧ

245 205 275 236 p.
296 194 346 226 79.
369 194 462 225 adlati
478 194 588 225 eodem
612 193 641 224 in
665 192 769 233 eapite
781 190 882 222 eidem
909 199 1036 231 qnoque
1059 194 1173 230 poetae
1195 187 1365 221 adiudicati
1387 189 1493 230 pom.
1519 194 1708 229 repetuntur.
1732 193 1765 223 ln
1786 193 1864 224 libro
1886 193 2024 225 secundo

245 250 298 291 qui
321 250 383 279 duo
405 258 519 279 versus
544 259 571 289 p.
593 248 663 278 306.
687 247 858 285 exsistunt,
884 245 975 275 iidem
1000 255 1028 285 p.
1051 244 1122 275 463.
1146 254 1215 275 cuin
1244 244 1312 275 aliis
1333 245 1382 275 alii
1406 245 1526 275 arietori
1551 245 1674 276 tributis
1703 247 1849 277 versibus
1872 247 2025 278 coniuncti

245 304 451 342 inveniuntur,
480 304 522 334 ita
543 306 576 332 ut
598 301 711 342 prioris
741 299 971 330 hemistichium
1001 299 1086 338 prius
1118 302 1271 328 mutatum
1297 300 1346 328 sit.
1391 299 1446 329 Sic
1470 300 1530 330 dno
1553 309 1668 330 versus
1691 311 1718 341 p.
1741 301 1812 332 406.
1835 311 1881 341 sq.
1913 302 2025 333 iterum

245 367 274 397 p.
288 358 356 387 480.
382 358 538 395 leguntur.
583 356 654 384 Duo
677 363 791 384 versus
812 353 922 393 p.4t7.
946 357 1151 383 occurrentes
1174 353 1201 382 in
1227 354 1366 382 carmine
1390 353 1467 383 alius
1490 355 1628 384 auctoris
1651 365 1678 394 p.
1700 355 1767 387 469,
1792 356 1900 386 iterum
1924 357 2026 387 locum

245 411 509 450 babent.quorum
531 409 610 438 alter
631 408 661 437 in
691 408 847 437 Mersukii
886 406 1021 436 editione
1045 407 1146 446 priore
1175 407 1244 435 loco
1268 407 1472 438 desideratur.
1518 410 1587 440 Duo
1610 410 1743 451 denique
1766 422 1880 443 versus
1908 425 1936 455 p.
1960 415 2028 449 438,

247 464 355 495 ordine
378 464 407 493 in
429 471 525 493 verso
549 462 651 492 eidem
675 462 797 492 auctori
819 461 968 501 adscripti
991 471 1019 501 p.
1044 461 1112 490 474.
1136 470 1182 500 sq.
1207 462 1330 500 repetiti
1354 468 1435 493 sunt.

326 528 479 559 Veterum
502 534 661 568 poetarum
685 537 800 558 versus
821 537 841 558 a
863 529 967 567 poetis
989 526 1174 567 aequalibus
1199 527 1368 556 memoriae
1391 528 1555 558 mandatos
1579 534 1609 558 et
1637 531 1773 569 posteris
1795 532 1926 563 traditos
1955 543 2029 564 esse

245 582 372 612 scimus
416 580 517 619 (conf.
543 581 746 622 Darstellung
768 580 795 610 tl.
820 580 917 610 Arab.
940 580 1123 610 Verskunst
1147 591 1174 619 p.
1186 578 1274 612 393.)
1297 580 1389 618 Quod
1412 591 1505 620 quum
1529 583 1652 612 nonnisi
1675 589 1837 622 poetarum
1861 586 2029 617 celebrium

245 636 393 666 versibus
423 636 629 675 contingeret,
661 640 693 665 nt
717 644 786 666 enm
816 634 964 665 versibus
994 644 1107 664 nomen
1136 635 1273 664 auctoris
1296 635 1443 664 memoria
1467 640 1667 676 servaretur,
1694 637 1821 667 alioruin
1847 644 1899 670 aut
1929 640 2028 671 minus

245 691 385 716 notorum
410 691 462 716 aut
484 688 584 716 minus
608 687 777 717 celebrium
801 687 925 716 nomina
948 687 1094 717 versibus
1119 688 1148 717 in
1173 697 1226 717 ore
1248 688 1404 718 hominum
1428 688 1610 718 viventibus
1633 691 1783 729 temporis
1807 691 1894 731 lapsu
1916 693 2029 724 oblivi-

245 741 294 770 oni
310 740 426 771 traditn
439 750 522 780 esse,
536 741 644 770 mirum
658 751 718 771 non
733 746 790 771 est.
814 741 884 779 Qua
897 741 924 770 in
937 750 968 770 re
985 750 1083 770 causa
1107 739 1285 780 quaerenda
1308 744 1434 777 esbern
1457 740 1623 769 multorum
1644 741 1670 769 in
1696 741 1836 772 Hamasa
1859 751 2030 774 occurren-

245 796 320 825 tium
344 805 495 825 versuum
518 801 666 826 aiictores
691 801 745 825 aut
767 796 890 824 omnino
913 795 1013 834 ignoti
1034 799 1089 824 aut
1114 794 1194 824 dubii
1219 798 1339 823 essent.
1362 794 1475 833 Neque
1496 799 1599 823 autem
1622 794 1756 824 omnium
1780 804 1939 836 versuum,
1960 798 2029 838 qui-

245 848 455 878 busauctoris
467 858 580 878 nomen
592 849 777 888 inscriptum
800 849 928 888 nonsit,
952 853 1100 878 auctores
1112 847 1255 877 celebres
1278 847 1378 878 fuisse
1401 856 1558 887 negamus
1581 857 1683 887 neque
1707 849 1840 878 omnium
1867 859 2029 892 versuum,

245 912 378 942 quorum
401 905 541 934 auctoris
564 913 678 933 nomen
699 907 804 933 notum
818 903 871 942 sit,
894 908 1043 933 auctores
1064 903 1206 933 celebres
1229 902 1328 931 fuisse
1351 900 1581 935 contendimus3
1606 899 1673 930 fieri
1696 903 1776 931 e'nim
1801 904 1911 943 potuit,
1936 910 1968 934 ut
1990 905 2029 936 ob

246 965 364 987 causas
377 958 466 987 nobis
478 958 604 997 ignotas
614 958 754 987 auctoris
767 957 889 987 obscuri
908 967 1018 987 nomen
1028 960 1270 986 conservaretur
1285 960 1339 986 aut
1355 955 1486 986 celebris
1509 964 1620 984 nomen
1633 955 1662 984 in
1687 956 1875 988 oblivionem
1898 954 2030 991 veniret.

245 1009 474 1051 Argumentum
497 1011 526 1040 in
549 1010 696 1040 versibus
720 1014 888 1040 tractatum
911 1017 942 1040 et
964 1010 1118 1040 tractandi
1142 1008 1252 1039 modus
1279 1019 1316 1038 co
1332 1009 1474 1039 homines
1490 1009 1648 1040 adducere
1664 1016 1816 1049 poterant,
1842 1017 1873 1042 ut
1895 1015 2030 1045 auctoris

244 1064 517 1094 nomenmemoria
532 1068 685 1094 tenerent.
710 1064 744 1093 In
769 1064 845 1093 libro
869 1062 1431 1103 nonodeeiiuoque,quodargnmenti
1454 1065 1532 1093 ratio
1548 1065 1616 1094 talis
1638 1075 1698 1094 non
1712 1073 1809 1106 esset,
1825 1072 1857 1097 ut
1867 1073 2030 1099 auctorum

243 1118 368 1148 nomina
380 1121 530 1149 memoria
543 1120 788 1158 continerentur,
805 1129 842 1149 ea
859 1121 1027 1149 maximam
1039 1124 1158 1159 partem
1169 1119 1315 1159 neglecta
1327 1118 1514 1149 invenimus.
1538 1118 1719 1149 Carminium
1736 1120 1815 1150 tituli
1836 1130 1892 1160 pro
1915 1123 2031 1152 maiore

244 1176 299 1202 aut
314 1173 445 1212 minore,
470 1182 563 1212 quam
589 1174 726 1203 auctoris
738 1173 902 1213 baberent,
927 1175 1033 1203 notitia
1047 1174 1124 1203 varii
1144 1178 1225 1203 sunt.
1251 1174 1389 1202 Auctore
1400 1174 1638 1210 omninoignoto
1666 1174 1771 1203 alius
1796 1175 1950 1214 quidam
1975 1175 2030 1205 di—

243 1227 300 1256 xit
319 1236 348 1266 p.
371 1227 441 1256 797.
465 1228 535 1257 805.
561 1232 614 1257 aut
638 1229 784 1257 mulier
807 1228 907 1258 dixit
929 1239 958 1268 p.
981 1229 1052 1259 801.
1074 1229 1145 1259 Sos,
1167 1233 1220 1258 aut
1243 1227 1321 1256 alia
1344 1226 1529 1266 quaedam
1554 1226 1656 1256 dixit
1680 1237 1707 1266 p.
1729 1228 1801 1257 809.
1824 1229 1931 1258 verbis
1954 1240 2029 1260 ver-

242 1289 300 1310 sus
323 1281 462 1321 inseripti
483 1287 565 1312 sunt.
609 1283 722 1312 Parum
741 1287 834 1312 notus
857 1283 884 1312 si
907 1288 1015 1313 auctor
1038 1287 1105 1312 erat
1129 1287 1161 1312 et
1197 1282 1325 1312 Arabs
1349 1286 1575 1320 campester
1597 1281 1700 1311 (lixit
1722 1286 1776 1312 aut
1793 1277 1926 1314 familiae
1947 1294 2030 1325 gen-

243 1335 348 1373 tisque
370 1337 494 1365 nomine
517 1336 623 1366 addito
645 1347 673 1376 p.
698 1338 767 1367 466.
788 1337 860 1367 780.
885 1339 954 1369 781.
977 1338 1045 1368 799.
1069 1338 1258 1367 scribebant.
1301 1335 1421 1365 Poetae
1443 1336 1569 1364 nomine
1591 1336 1699 1373 ignoto
1721 1340 1775 1364 aut
1797 1337 1895 1375 patris
1918 1347 2029 1368 nornen

243 1397 272 1427 p·
295 1389 344 1418 59.
374 1394 428 1419 aut
451 1391 559 1420 matris
581 1401 608 1429 p.
631 1391 702 1421 (ist.
734 1396 786 1421 aut
811 1391 864 1420 filii
887 1402 915 1430 p.
939 1392 1008 1420 546.
1032 1391 1189 1421 addebant
1214 1395 1268 1419 ant
1291 1398 1466 1418 sororem
1498 1388 1699 1418 cuiusdam
1723 1389 1850 1418 fuisse
1880 1393 1922 1429 (p.
1944 1391 2029 1427 778.)

244 1441 398 1473 dicebant.
443 1443 525 1473 Sunt
554 1453 679 1483 quoque
701 1446 731 1474 in
756 1444 855 1474 titulis
881 1446 1068 1483 cognomine
1101 1445 1198 1484 patris
1222 1448 1274 1473 aut
1298 1443 1348 1472 lilii
1371 1449 1519 1472 auctores
1549 1443 1700 1482 insigniti,
1731 1443 1814 1482 quod
1845 1446 2029 1483 cognomine

243 1505 336 1535 quam
360 1497 483 1526 nornine
506 1498 644 1527 notiores
667 1504 785 1529 essent.
819 1499 945 1528 Nomen
968 1500 1108 1528 auctoris
1131 1503 1186 1528 ant
1209 1498 1300 1527 inodo
1323 1497 1454 1535 simplici
1478 1498 1722 1536 superscriptum
1747 1504 1796 1527 est
1818 1509 1846 1538 p.
1868 1500 1937 1531 624.
1958 1501 2028 1531 647.

243 1549 351 1580 addita
380 1551 497 1580 familia
519 1556 676 1591 genteque
698 1562 727 1591 p.
754 1553 821 1582 150.
844 1552 915 1584 ¹293.
938 1553 1009 1583 746.
1054 1554 1125 1582 Nec
1148 1562 1225 1582 vero
1248 1550 1358 1581 eadem
1390 1559 1525 1589 persona
1549 1550 1659 1580 eodem
1683 1560 1810 1590 semper
1838 1552 1930 1583 modo
1956 1562 2049 1584 ear-¹

242 1604 377 1634 minibus
405 1605 553 1644 inscripta
582 1610 632 1635 est
654 1616 683 1645 p.
706 1607 777 1636 541.
801 1608 871 1638 546.
900 1608 970 1638 556.
996 1608 1068 1638 569.
1112 1609 1145 1636 In
1169 1606 1237 1635 aliis
1266 1605 1305 1634 de
1332 1609 1464 1634 auctore
1494 1615 1522 1643 p.
1539 1604 1609 1634 333.
1633 1605 1701 1635 487.
1724 1606 1807 1645 678„
1838 1609 1869 1637 in
1899 1609 1968 1638 aliis
1990 1608 2029 1638 de

243 1658 368 1687 nomine
391 1657 547 1688 dubitatur
568 1669 595 1698 p.
619 1659 690 1689 410.
712 1660 784 1689 608.
829 1661 943 1690 Plures
965 1670 1089 1700 quoqne
1116 1666 1189 1690 sunt
1213 1660 1280 1693 loci,
1313 1659 1340 1687 in
1364 1659 1478 1698 quibus
1501 1663 1565 1688 tum
1589 1669 1641 1689 res
1664 1665 1728 1689 tum
1751 1670 1918 1701 personae,
1948 1671 2029 1702 quae

244 1711 389 1741 versibus
415 1720 525 1742 ansam
555 1713 706 1750 dederint,
736 1713 862 1744 additae
904 1716 967 1745 sint
989 1719 1043 1744 aut
1065 1715 1151 1744 titulo
1183 1713 1310 1743 carmini
1333 1713 1433 1752 posito
1457 1718 1510 1741 aut
1532 1713 1625 1742 rebus
1651 1719 1722 1752 post
1751 1723 1866 1744 versus
1895 1717 2028 1747 narratis

244 1774 274 1803 p.
295 1765 345 1795 85.
369 1765 422 1795 93.
441 1766 492 1795 95.
515 1766 587 1798 100.
610 1768 677 1798 148.
699 1768 770 1799 297.
792 1768 864 1798 363.
886 1768 956 1800 397.

326 1830 527 1872 Singulorum
551 1834 723 1864 carminum
747 1839 871 1874 tempus
895 1835 1025 1865 definire
1047 1844 1140 1874 quum
1165 1843 1216 1863 res
1239 1833 1366 1863 maximi
1390 1834 1537 1863 momenti
1561 1834 1792 1873 utilissimaque
1814 1840 1877 1865 tum
1902 1836 2029 1867 difficil-

245 1884 317 1914 lima
339 1890 396 1915 cst.
440 1885 597 1926 'l'empore
621 1893 773 1918 accurate
795 1888 924 1920 definito
946 1894 1010 1920 tum
1027 1889 1134 1928 poesis
1161 1889 1354 1927 temporibus
1378 1888 1476 1916 variis
1501 1889 1616 1917 variam
1641 1888 1848 1919 conditionem
1875 1894 1906 1920 et
1928 1896 2028 1922 muta-

244 1938 373 1977 tionem,
396 1949 466 1970 nam
490 1930 598 1980 poesis
621 1946 674 1971 aut
696 1943 894 1982 progreditur
916 1948 970 1973 aut
992 1943 1174 1982 retrocedit,
1199 1947 1272 1982 tum,
1297 1943 1411 1981 qnippe
1434 1951 1474 1970 ex
1505 1942 1593 1981 poesi
1619 1942 1757 1972 Arabum
1786 1943 1944 1982 cogitandi
1973 1954 2027 1975 ra-

246 1993 288 2022 tio
317 1993 431 2032 optime
460 2001 687 2037 cognoscatur,
719 1997 855 2027 diversis
885 1998 1079 2037 temporibus
1110 1997 1247 2027 Arabum
1277 1996 1434 2025 diversam
1464 1995 1619 2024 sentiendi
1648 2000 1677 2024 et
1709 1996 1870 2035 cogitandi
1903 1998 2025 2029 modum

245 2053 443 2084 cognoscere
471 2057 648 2087 possumus.
693 2050 873 2080 Difficultas
896 2057 997 2082 antem
1023 2052 1067 2081 rei
1091 2051 1161 2081 inde
1184 2052 1288 2083 oritur,
1315 2049 1397 2089 qnod
1420 2052 1572 2089 temporis
1602 2055 1674 2079 ante
1701 2051 1950 2082 Mohammedem
1974 2058 2026 2083 te-

245 2098 351 2128 nebris
371 2099 564 2138 antiquitatis
595 2102 753 2133 obscurati
776 2108 884 2142 partes
915 2105 969 2133 vix
991 2109 1143 2134 accurate
1174 2104 1292 2134 deliniri
1319 2109 1462 2143 possunt,
1494 2109 1525 2133 et
1549 2106 1628 2142 ipsis
1658 2105 1796 2133 Arabum
1824 2106 2025 2144 scriptoribus

245 2150 285 2180 de
307 2157 458 2190 tempore,
476 2161 536 2192 quo
559 2155 697 2185 carmina
718 2156 802 2187 dieta
824 2159 897 2195 sint,
922 2168 1020 2197 saepe
1048 2159 1259 2189 dubitantibus
1282 2165 1337 2188 aut
1359 2159 1401 2188 rei
1428 2159 1547 2198 ignaris
1570 2158 1688 2187 auxilio
1712 2160 1794 2188 omni
1817 2159 1857 2188 ad
1873 2159 2025 2189 detinien-

245 2204 316 2234 dum
340 2207 521 2236 necessario
541 2207 680 2238 destituti
703 2219 822 2241 sumus.
861 2213 1006 2252 Accedit,
1029 2220 1062 2242 ut
1086 2213 1124 2242 ad
1149 2213 1253 2242 fontes
1280 2213 1436 2250 librorum,
1461 2223 1479 2242 e
1495 2213 1606 2252 quibus
1629 2213 1830 2243 hauriendum
1853 2215 1903 2250 sit,
1920 2214 2024 2245 aditus

244 2266 343 2298 saepe
361 2268 423 2288 non
447 2264 563 2298 pateat.
607 2262 672 2292 Sed
697 2266 782 2294 viros
809 2266 921 2296 doctos
945 2276 1116 2301 monemus,
1134 2276 1171 2296 ne
1195 2266 1434 2296 difficultatibus
1457 2266 1495 2294 ab
1520 2266 1603 2295 initio
1626 2266 1772 2296 faciendo
1795 2266 2023 2307 deterreantur,

245 2321 375 2352 sperare
395 2314 475 2343 euim
500 2314 574 2344 licet
595 2315 674 2353 fore,
698 2323 731 2347 ut
753 2319 779 2348 si
803 2321 886 2350 initio
915 2321 1000 2351 facto
1024 2326 1154 2358 tantum,
1185 2327 1334 2360 quantum
1359 2321 1387 2349 in
1412 2325 1570 2360 potestate
1593 2321 1724 2360 quisque
1748 2320 1871 2359 habeat,
1894 2320 1934 2351 ad
1955 2331 2022 2351 rem

245 2367 458 2399 illustrandam
490 2369 628 2405 adferat,
659 2373 797 2411 pluribus
819 2385 852 2404 re
879 2377 1042 2415 occupatis
1078 2379 1109 2404 et
1131 2376 1254 2404 fortuna
1283 2374 1451 2404 adiuvante
1487 2384 1570 2404 nova
1603 2375 1803 2404 scientiarum
1834 2374 1902 2404 luce
1930 2378 2022 2404 tene-

244 2423 321 2452 brae
349 2423 578 2463 dispergantur.
633 2427 666 2456 ln
705 2427 866 2458 Hamasae
903 2429 1093 2459 carminibus
1130 2430 1280 2468 temporis
1315 2428 1482 2458 definiendi
1512 2429 1590 2458 ratio
1627 2429 1715 2458 varia
1745 2432 1802 2456 est.
1867 2427 1960 2466 Sunt,
1989 2430 2021 2458 in

245 2477 358 2515 quibus
379 2486 495 2516 annus,
517 2487 578 2516 quo
601 2488 726 2509 carmen
747 2483 955 2520 compositum
976 2483 1027 2520 sit,
1053 2488 1201 2513 accurate
1223 2482 1343 2513 deliniri
1368 2484 1485 2521 possitg
1515 2482 1573 2511 sed
1596 2491 1659 2511 rem
1682 2481 1803 2510 nonnisi
1822 2481 1851 2510 in
1874 2482 2021 2512 carmini-

245 2528 304 2558 bus
326 2535 398 2568 post
417 2531 525 2561 lslami
547 2531 662 2562 initium
675 2534 857 2573 compositis
868 2535 970 2566 locum
991 2536 1120 2576 habere,
1143 2545 1234 2566 nemo
1255 2545 1316 2566 non
1333 2536 1428 2566 videt.
1452 2537 1513 2565 Aut
1538 2544 1571 2564 re
1595 2538 1697 2572 gesta,
1721 2542 1801 2572 quae
1822 2534 1852 2562 in
1871 2533 2021 2564 historiae

244 2584 455 2614 monumentis
477 2590 602 2616 narrata
631 2591 682 2617 est
703 2592 758 2617 aut
783 2593 881 2618 morte
911 2590 972 2619 viri
994 2590 1141 2629 celebris,
1173 2590 1263 2619 euius
1286 2589 1316 2618 in
1339 2588 1502 2618 annalibus
1533 2586 1647 2616 mentio
1676 2585 1762 2615 facta
1791 2590 1853 2624 est,
1883 2585 1912 2615 in
1935 2587 2018 2616 viam

1804 2643 1825 2674 2
