2247 2865
980 111 1253 142 —406—

228 218 331 247 Deam
359 209 470 245 Anat!
523 214 596 244 Nisi
625 222 756 244 uxorem
784 216 932 250 tanquam
960 211 1159 252 portionem,
1187 220 1282 250 quam
1310 209 1362 250 qui
1389 208 1484 249 velit,
1518 211 1646 248 sumat,
1681 207 1848 248 posueris,
1876 206 2016 237 contenti

226 291 289 311 non
309 277 453 310 erimus!
483 278 594 309 Virum
623 281 727 307 autem
755 275 816 305 hac
843 275 882 304 de
910 282 1009 303 causa
1035 274 1148 304 iratum
1175 272 1309 312 primum
1335 272 1448 311 opibus
1477 271 1610 310 direptis
1629 280 1686 300 eos
1707 269 1854 300 occidere
1868 269 1899 298 iu
1913 269 2015 299 animo

230 343 397 382 habuisse,
427 346 491 372 tum
519 350 553 369 re
580 337 766 379 diligentius
796 345 954 376 perpensa
980 344 1072 374 quum
1100 334 1329 374 intellexisset,
1360 333 1442 372 quod
1470 334 1499 362 si
1524 334 1568 362 ita
1595 336 1719 373 ageret,
1746 332 1853 362 suain
1872 340 1929 360 eos
1947 330 2018 361 col-

229 406 292 436 lata
308 403 462 434 beneficia
479 402 632 442 peritura,
661 400 714 429 di'u
734 399 926 440 cogitantem
942 406 1114 426 assensum
1140 406 1218 426 esse
1245 406 1284 426 ea
1310 396 1498 434 conditione,
1525 400 1559 426 ut
1583 396 1643 434 ipsi
1669 395 1843 424 iumentum
1857 394 2018 432 relinque-

228 477 325 512 retur,
348 480 409 510 quo
427 479 559 500 uxorem
576 468 763 506 imponeret,
779 464 862 505 quod
880 473 974 503 quum
989 461 1029 492 ad
1042 468 1120 488 suos
1138 461 1326 497 perventum
1342 462 1441 495 esset,
1456 456 1613 486 redderet.
1627 457 1697 486 Hoc
1714 464 1838 494 quoque
1852 453 2019 494 denegan-

230 535 315 564 tibus
340 533 412 572 illis,
426 532 528 560 virum
545 528 699 568 quendam
714 537 819 558 eorum
833 527 1020 564 iumentum,
1035 522 1118 562 quod
1133 530 1212 551 suae
1226 519 1380 559 portionis
1396 518 1540 558 fecisset,
1554 519 1614 557 ipsi
1628 523 1737 548 mutuo
1753 517 1894 548 dedisse.
1916 516 2020 545 Huius

231 596 276 626 rei
294 594 632 630 mentionemapoeta
658 591 687 619 in
715 589 866 619 versibus
895 586 1101 626 sequentibus
1128 584 1243 614 factam
1270 592 1346 612 esse
1374 582 1484 619 (metr.
1505 581 1666 620 'l'hawil):
1696 575 1828 610 Eheu!
1859 579 2020 610 Caulae

232 657 398 689 incolas
419 655 532 685 tales
552 653 717 693 inveni,
746 651 901 691 quales
922 649 1115 680 homines
1142 651 1237 676 sunt
1267 649 1471 685 proventu
1499 643 1770 674 abundantes
1797 646 1834 673 et
1863 641 2020 671 divites

232 719 353 751 facti.
402 716 462 747 Ad
501 726 562 746 me
595 720 739 745 autem
767 716 806 743 in
842 713 933 742 loco
963 712 1120 740 Mawan
1154 718 1299 739 eorum
1339 706 1607 747 praefectura
1644 710 1922 746 pervenerat,
1957 703 2023 735 ubi

231 779 540 812 incedebamus
568 781 605 807 et
631 775 805 815 inquieti
832 775 870 803 in
899 775 1012 804 lecto
1041 783 1115 802 nos
1152 772 1417 802 volvebamus
1446 774 1486 799 et
1513 770 1701 799 homines
1736 769 1846 799 ollae
1879 768 2024 809 nigrae

236 848 304 889 (Β),
328 846 463 887 239.)
492 840 662 870 odorem
691 838 1007 878 percipiebant,
1044 837 1167 865 cuius
1203 834 1311 864 sella
1345 833 1456 862 ultro
1487 832 1682 869 citroque
1710 834 1918 860 commota
1947 839 2023 859 non

235 909 413 937 mutatur
434 903 482 943 1);
510 905 547 932 in
576 902 720 931 latere
748 905 928 939 utroque
955 901 1158 937 attritae,
1194 897 1325 926 dorso
1352 904 1545 925 convexo
1574 894 1812 934 praeditae,
1841 894 2024 935 veteris,

236 978 340 1009 quae
368 966 477 1007 apud
504 974 576 996 eos
604 963 727 994 modo
756 963 935 993 vinculo
955 961 1201 991 constricta
1219 963 1292 1000 est,
1322 958 1429 989 modo
1458 957 1504 987 ad
1530 957 1613 987 iter
1639 956 1895 995 impellitur3
1922 956 2026 995 apud

237 1041 345 1071 quam
372 1029 453 1060 filii
480 1032 622 1067 erant,
652 1035 753 1066 quos
781 1025 965 1055 vidistis
994 1028 1031 1054 et
1057 1023 1103 1053 ad
1131 1023 1246 1053 cuius
1279 1023 1419 1052 latera
1439 1028 1650 1060 pauperes
1678 1018 1878 1058 egenique
1904 1019 2027 1048 ince-

237 1094 401 1124 debant.
454 1092 583 1129 Eique
614 1089 725 1119 dixi:
764 1087 791 1118 Ο
820 1081 918 1117 olla!
946 1085 1029 1115 viri
1057 1085 1230 1122 adsunt,
1257 1093 1433 1123 quorum
1460 1082 1580 1112 cibus
1608 1091 1626 1110 a
1654 1082 1747 1110 viro
1775 1080 1904 1110 ollam
1930 1089 2028 1119 pos-

237 1156 409 1187 sidente
438 1154 648 1183 celeriter
684 1154 861 1191 paratus
897 1153 984 1186 est,
1019 1157 1117 1177 caro
1148 1147 1392 1177 camelorum
1420 1144 1634 1185 pinguium
1662 1148 1701 1172 et
1727 1151 1834 1182 aqua
1862 1142 2025 1183 calida,

240 1219 303 1250 cui
331 1217 445 1248 aliam
474 1216 648 1254 insuper
675 1214 883 1251 addimus3
922 1220 996 1241 nos
1024 1211 1127 1240 enim
1156 1215 1195 1240 et
1221 1219 1299 1239 vos
1326 1210 1460 1239 instar
1486 1209 1628 1237 matris
1656 1205 1750 1235 filio
1778 1214 1938 1245 sumus,
1966 1205 2029 1234 cui

239 1289 383 1319 aquam
409 1278 635 1307 oculorum
663 1275 834 1314 (mater)
855 1270 884 1317 2)
916 1282 1075 1311 semper
1114 1273 1185 1303 dat
1212 1273 1398 1303 liberans
1427 1275 1467 1301 et
1494 1269 1664 1310 pulchre
1691 1278 1835 1309 agens.
1886 1269 1927 1297 In
1955 1277 2030 1298 cu-

210 1344 309 1373 -ius
349 1339 631 1371 adolescentia
675 1347 789 1377 quum
836 1335 1088 1366 commodum
1129 1335 1211 1365 sibi
1249 1339 1457 1375 speraret,
1496 1334 1528 1363 is
1569 1342 1654 1363 eam
1690 1332 1946 1371 relinquens
1982 1331 2031 1361 ad

243 1405 368 1435 aliam
396 1413 437 1433 se
465 1402 658 1443 contulit,
696 1410 857 1439 novam,
885 1409 992 1439 quae
1019 1398 1158 1428 stibio
1186 1397 1333 1426 oculos
1362 1397 1490 1427 fucat.
1543 1397 1640 1435 Ipsa
1667 1399 1802 1426 autem
1830 1395 2031 1425 extremis

242 1467 401 1497 cubitis
428 1466 528 1495 nixa
555 1468 788 1504 pernoctat
814 1463 958 1502 capite
996 1461 1236 1491 interram
1273 1460 1484 1490 inclinato
1518 1468 1693 1499 gemens
1728 1459 1778 1488 ob
1818 1458 1883 1499 id,
1924 1458 2033 1497 quod

242 1529 278 1559 ei
311 1528 580 1567 supervenit
615 1530 654 1556 et
687 1525 864 1555 eiulans.
917 1524 1059 1565 Eligit
1087 1533 1104 1552 e
1133 1522 1296 1552 duabus
1332 1520 1536 1561 rebus3),
1575 1530 1674 1560 quae
1710 1521 1845 1550 bonus
1883 1526 2032 1551 status

242 1601 321 1621 non
349 1595 463 1629 sunt,
503 1595 544 1619 et
571 1588 671 1628 (quod
698 1588 806 1629 eligit)
835 1588 992 1617 orbitas
1020 1590 1109 1625 est3
1145 1585 1231 1614 nisi
1263 1584 1366 1623 quod
1394 1583 1574 1623 pulchre
1601 1593 1646 1613 se
1673 1583 1783 1624 gerit
1802 1577 1843 1623 ⁴).
1896 1584 2033 1613 Instar

245 1653 382 1683 noctis
398 1649 424 1694 ⁵)
445 1661 580 1681 canum
600 1656 729 1689 caput
754 1650 963 1679 habentis
985 1648 1273 1688 (infortunii),
1301 1647 1422 1677 cuius
1449 1656 1525 1676 non
1554 1646 1798 1675 obliviscor
1825 1650 1863 1675 et
1890 1646 2032 1676 noctis

246 1719 450 1754 nostrae,
479 1723 555 1752 qua
582 1723 713 1752 equus
737 1713 909 1742 Karmal
937 1712 1128 1751 benigne
1156 1709 1295 1750 dedit,
1323 1708 1427 1749 quod
1456 1708 1566 1738 dedit
1594 1709 1630 1747 (i.
1651 1719 1678 1738 e.
1699 1718 1716 1738 e
1744 1709 1929 1748 periculo
1958 1718 2032 1739 nos

246 1778 487 1817 liberavit).
541 1778 585 1807 Ei
612 1777 721 1807 dico:
751 1786 769 1805 o
797 1775 1152 1813 Malice1(mater
1178 1779 1244 1804 tua
1270 1774 1417 1803 orbata
1443 1767 1539 1811 siti)
1567 1772 1726 1812 quando
1753 1771 1799 1802 ad
1825 1770 2033 1815 Afihumss)

247 1845 452 1872 retinetur
489 1845 529 1870 et
563 1844 644 1870 tum
673 1835 1034 1880 constringitur?
1074 1839 1115 1867 in
1152 1837 1336 1867 deserto
1364 1836 1516 1877 amp10,
1555 1836 1618 1865 ubi
1654 1835 1699 1864 ob
1733 1834 1848 1864 sitim
1889 1844 2036 1875 agmen

248 1904 511 1935 camelorum
540 1912 785 1943 magnorum
819 1902 955 1932 datum
985 1900 1298 1940 conspiciebas
1340 1899 1410 1938 (ad
1446 1897 1729 1935 mactandum).
1782 1896 1903 1937 Signa
1941 1897 2036 1928 viae

248 1969 285 1997 in
313 1972 420 1998 terra
446 1967 606 1996 Malico
636 1966 697 1996 ita
725 1969 884 1995 mutata
910 1969 1037 2004 erant,
1065 1967 1179 1993 ntea
1210 1971 1282 1991 non
1309 1964 1586 2002 cognosceret
1615 1964 1656 1989 et
1682 1963 1792 1989 certo
1818 1961 1966 1999 scivit,
1993 1963 2036 1990 in

248 2039 317 2069 eo,
345 2029 444 2068 quod
471 2030 682 2069 fingitur,
709 2027 764 2057 nil
788 2027 878 2057 veri
905 2036 1009 2057 esse.

268 2162 295 2192 1)
315 2162 397 2185 Poeta
416 2160 494 2183 ollam
514 2166 571 2182 cum
592 2160 694 2183 camela
712 2166 872 2189 comparans
891 2159 1004 2183 vocibus
1024 2166 1088 2183 usus
1107 2161 1156 2189 est,
1175 2164 1241 2189 quae
1259 2157 1369 2187 proprio
1385 2163 1462 2180 sensu
1483 2155 1589 2179 nonnisi
1608 2151 1633 2178 in'
1653 2154 1756 2178 camelo
1775 2158 1851 2182 aptae
1869 2156 1939 2177 sunt.

265 2208 295 2238 2)
315 2207 481 2231 scholiastes
505 2206 582 2229 dixit.
610 2207 678 2229 hunc
706 2213 764 2229 esse
791 2205 986 2235 proverbialem
1012 2205 1136 2236 loquendi
1163 2205 1268 2227 modum
1296 2200 1390 2232 »Aqua
1413 2201 1487 2225 oculi
1509 2201 1558 2223 mei
1585 2204 1610 2223 te
1628 2199 1741 2224 educavi
1760 2205 1791 2222 ne
1810 2199 1893 2222 dicam
1918 2199 2038 2221 omnibus

318 2254 422 2277 rebus«

269 2301 299 2330 3)
320 2301 376 2324 Hae
396 2301 464 2323 dune
484 2307 526 2323 res
545 2301 619 2327 sunt⁷
639 2297 665 2320 ni
684 2297 778 2326 fallor,
796 2300 885 2320 status
903 2297 1013 2320 relictae
1032 2303 1048 2320 a
1065 2296 1122 2320 filio
1141 2299 1167 2320 et
1186 2296 1292 2320 orbitaS.

267 2348 297 2377 4)
316 2348 334 2371 1.
354 2355 376 2370 e.
396 2348 538 2378 cogitans,
557 2345 639 2369 filium
659 2351 735 2367 suum
756 2351 823 2369 esse,
845 2342 880 2364 nil
901 2342 964 2365 mali
983 2342 1009 2365 in
1028 2348 1084 2365 eum
1104 2342 1218 2370 peragit.

270 2392 300 2423 5)
319 2393 463 2422 Sequentia
482 2398 562 2415 sensu
583 2397 640 2414 cum
660 2389 880 2418 praecedentibus
899 2393 952 2410 non
971 2388 1123 2410 cohaerent.
1159 2386 1276 2410 Malicus
1295 2388 1382 2409 autem
1401 2385 1467 2409 idem
1487 2385 1543 2409 sine
1562 2384 1642 2408 dubio
1661 2388 1714 2413 est,
1741 2383 1816 2408 cuius
1840 2385 1916 2405 antea
1944 2381 2040 2405 montio

321 2438 392 2460 facta
410 2440 475 2460 erat.
514 2436 627 2459 Videtur
645 2441 688 2458 res
707 2433 830 2464 quasdem
853 2436 931 2462 poeta
950 2439 1062 2456 narrare
1082 2432 1132 2462 ipsi
1159 2431 1333 2462 periculosas.
1370 2432 1406 2455 De
1426 2432 1534 2460 sacj'us
1558 2438 1586 2454 se
1611 2429 1750 2460 sequentia
1775 2435 1827 2452 non
1853 2429 1916 2451 bene
1939 2428 2040 2451 intelli-

323 2489 386 2512 gere
405 2481 557 2511 adscripsit.

272 2528 304 2559 6)
324 2529 379 2552 Afih
399 2533 424 2551 et
442 2528 518 2551 nfaih
538 2528 624 2551 locum
644 2534 703 2550 esse
724 2525 900 2556 propinquum
920 2527 1008 2548 terrae
1027 2523 1114 2555 gentis
1134 2519 1278 2552 Modshidj‚
1299 2522 1324 2545 iu
1345 2521 1456 2553 Kamusi
1478 2527 1557 2550 opere
1575 2520 1699 2551 legimus.
