2247 2865
980 120 1251 151 -468—

223 225 293 270 (110
317 225 452 270 285.)
496 230 527 260 5.
560 231 606 259 Et
633 230 750 259 loricas
779 230 950 259 imluerant
976 233 1008 258 et
1034 231 1160 260 sublata
1188 235 1272 260 veste
1299 241 1334 260 se
1361 234 1585 267 accim-erant,
1621 242 1692 262 nam
1727 233 1786 262 hoc
1809 235 1842 262 in
1871 234 2006 264 hostium

866 286 983 312 terram
1004 286 1183 314 incurrenti
1204 288 1355 321 convenit,

320 368 474 409 Equites,
511 367 697 407 quibuscum
724 369 754 397 in
782 371 899 397 terram
927 367 1076 397 hostilem
1104 367 1252 406 impetum
1281 367 1372 407 facit,
1401 373 1546 407 tanquam
1574 369 1652 398 bene
1679 373 1820 398 armatos
1847 368 2005 399 describit.

223 430 326 469 Quum
352 431 382 460 in
410 441 509 461 versu
538 431 744 461 antecedente
771 430 918 470 dixisset,
945 429 1055 471 galeas
1083 429 1122 458 ad
1150 430 1265 459 loricas
1283 429 1442 471 adligatas
1462 441 1549 471 esse,
1577 432 1709 460 verbum
1727 427 1870 472 sbL'L-«i,
1899 431 2008 461 ordine

222 492 453 532 praecederet,
490 501 626 521 necesse
654 492 721 522 fuit.
774 492 858 521 Num
885 501 952 520 vox
978 488 1055 529 'i-ab',
1094 502 1112 522 a
1139 501 1199 531 quo
1233 493 1365 522 verbum
1398 490 1512 524 ‘oblxml
1540 493 1717 524 derivatum
1749 499 1821 534 est,
1856 494 2007 535 generale

222 554 339 584 loricae
365 564 478 584 nomen
506 557 560 594 sit,
588 565 626 584 an
642 554 794 594 speciale,
809 556 928 584 nescio.
956 555 990 583 ln
1018 554 1126 583 verbis
1153 553 1261 592 „salim
1287 554 1325 600 Οἳ
1355 556 1393 585 ab
1421 565 1482 584 uno
1511 556 1655 595 loquendi
1684 556 1775 585 modo
1804 556 1842 586 ad
1873 556 2007 586 alterum

221 617 327 646 subito
355 617 495 654 transiit,
523 616 552 645 id
582 617 664 656 quod
692 614 795 644 ιυὶςὶκᾶἷ
823 617 1032 655 appellarunt.
1084 616 1193 646 Verba
1219 622 1349 655 autem,
1377 626 1458 656 quae
1485 627 1613 647 sensum
1640 628 1758 648 versus
1785 628 1846 647 non
1874 618 2005 647 multum

221 678 425 720 amplificant,
453 684 487 709 ut
514 685 614 709 metro
643 684 675 709 et
700 678 949 708 homoioteleuto
978 677 1129 720 satisfiat,
1160 678 1265 709 addita
1293 680 1451 712 videntur.

221 776 256 805 6.
282 777 325 806 Et
347 779 435 815 equis
454 779 628 814 generosis,
651 777 825 814 qracilibus
846 780 966 816 equites
989 777 1190 814 accipilribns
1212 777 1332 805 similes
1356 779 1533 806 insidebant

320 851 454 890 Equites
482 853 652 892 generosis
680 852 769 890 equis
797 851 970 881 insidentes
998 855 1031 880 et
1065 851 1184 890 impetu
1220 851 1343 881 celeres
1379 851 1539 881 describit.
1593 852 1700 882 Verba
1727 840 1818 888 ὸῑῄὲῖ
1845 853 1911 892 gaz,
1940 858 2002 884 etc.

220 913 319 943 statui
346 913 553 943 describendo
582 914 737 944 inservire
763 914 882 951 dicunt,
910 919 944 943 ut
971 913 1030 945 hoc
1054 914 1085 943 in
1111 924 1211 943 versu
1238 913 1377 944 hostium
1405 915 1531 954 equites
1558 915 1637 954 ipsis
1657 921 1860 946 occurrentes
1878 916 2003 946 descri-
2019 902 2025 907 .

220 976 344 1006 bantur.
396 977 584 1006 Mersukius
612 976 700 1017 dixit,
728 981 854 1015 poetam
883 978 1009 1017 equites
1038 987 1109 1007 cum
1137 977 1340 1016 accipitribus
1367 977 1406 1006 ob
1434 977 1544 1006 oculos
1571 978 1716 1006 sublatos
1744 983 1776 1007 et
1803 983 1931 1008 acutum
1950 978 2003 1007 vi-

219 1047 299 1079 sum,
326 1048 386 1078 quo
414 1040 547 1078 praediti
571 1040 653 1080 sint,
680 1040 858 1070 contulisse
888 1041 1034 1079 putavit3
1065 1050 1127 1081 ego
1155 1040 1262 1080 potius
1291 1040 1320 1069 in
1346 1040 1475 1069 volatus
1505 1040 1669 1070 celeritate
1696 1045 1729 1069 et
1756 1040 1858 1078 modo,
1887 1050 1946 1079 quo
1974 1041 2004 1070 in

219 1101 369 1140 praedam
397 1111 436 1131 ex
461 1102 524 1131 alto
552 1103 705 1141 accipiter
731 1103 847 1141 incidit,
874 1104 1142 1142 comparationem
1170 1102 1305 1142 positam
1332 1102 1511 1141 putaverim
1540 1102 1646 1132 conf.
1677 1103 1782 1133 Ham.
1812 1113 1841 1142 p.
1858 1104 1892 1133 r’i
1923 1113 1953 1132 v.
1976 1105 2003 1133 1.

219 1162 271 1192 ἓνΛ
298 1173 329 1192 v.
358 1163 390 1193 3.
443 1163 538 1205 Sunt,
566 1165 615 1203 qui
644 1165 760 1205 dicant,
787 1165 980 1194 sententiam
1006 1169 1253 1204 consequentem
1280 1169 1354 1203 post
1380 1174 1493 1195 vocem
1521 1176 1567 1209 ῳ)
1595 1174 1655 1194 non
1674 1165 1808 1195 inveniri
1829 1169 1860 1195 et
1877 1171 2003 1204 poetam

218 1225 343 1255 nonnisi
371 1226 409 1255 ob
441 1225 567 1268 longam
605 1227 810 1267 distantiam,
845 1237 926 1266 quae
955 1228 1036 1258 inter
1064 1237 1177 1258 vocem
1205 1239 1250 1271 ᾳ)
1284 1232 1316 1257 et
1345 1229 1535 1258 sententiam
1563 1231 1804 1267 consequentem
1831 1227 2005 1258 intercedat

219 1288 356 1326 equitum
384 1289 572 1318 mentionem
600 1290 781 1328 repetiisse.
833 1290 1032 1320 Sententiam
1060 1296 1309 1330 consequentem
1336 1291 1458 1320 nonnisi
1486 1292 1515 1320 in
1541 1302 1640 1321 versu
1667 1290 1778 1336 0);35›
1808 1301 1898 1331 quem
1925 1302 2004 1322 vero

219 1349 532 1379 Abu-'l'ammamus
560 1353 640 1381 iuter
669 1356 812 1381 caeteros
840 1361 959 1381 versus
986 1361 1048 1380 non
1075 1355 1242 1391 receperit,
1269 1354 1409 1393 reperiri.
1464 1355 1548 1384 Ante
1575 1365 1687 1385 vocem
1715 1344 1807 1391 &2235
1832 1366 1897 1386 vox
1919 1345 2004 1393 &335

219 1411 336 1441 omissa
363 1417 434 1451 est3
463 1413 629 1453 gracilitas
656 1417 763 1442 autem
792 1413 881 1452 equis
909 1416 1078 1453 generosis
1108 1416 1234 1454 propria
1261 1422 1323 1446 est.
1366 1417 1440 1447 Vox
1468 1416 1563 1462 &9535
1591 1423 1695 1448 autem
1723 1419 1846 1449 nonnisi
1877 1420 1915 1449 ob
1935 1429 2003 1449 me-

217 1479 299 1505 trum
325 1476 560 1506 Nuuuationem
589 1478 712 1515 accepit
746 1480 777 1506 et
806 1477 879 1517 ipse
907 1477 999 1506 huius
1027 1477 1158 1517 pluralis
1196 1477 1347 1508 formandi
1375 1479 1486 1510 modus
1515 1483 1620 1519 poetis
1648 1481 1795 1520 proprius
1824 1486 1873 1510 est
1901 1480 2000 1520 (conf.

219 1536 329 1567 Gram.
357 1538 413 1567 Ar.
442 1538 478 1568 Τ.
507 1538 544 1569 ΙΙ.
572 1548 601 1578 p.
630 1539 742 1578 500.).

217 1635 247 1664 7.
268 1636 466 1665 Prodeunles
489 1647 505 1665 e
526 1637 623 1665 medio
644 1637 782 1673 pulvere,
807 1637 905 1665 mulla
925 1647 1038 1675 pecora
1062 1638 1205 1667 celeriter
1227 1640 1396 1676 abiyenles,

316 1707 387 1736 Hoc
415 1707 443 1735 in
471 1716 570 1735 versu
598 1708 721 1745 equites
749 1706 818 1735 illos
847 1707 988 1745 pluribus
1017 1707 1178 1738 describit.
1233 1708 1333 1747 Quum
1362 1710 1458 1739 multa
1485 1710 1629 1740 hostibus
1656 1716 1766 1750 erepta
1796 1721 1910 1750 pecora
1929 1716 2002 1742 ante

215 1778 253 1798 se
282 1769 470 1808 propellant,
501 1770 633 1808 pulvere
661 1769 772 1799 inclusi
800 1775 885 1800 sunt.
913 1779 929 1798 c
956 1779 1087 1808 quorum
1115 1772 1294 1801 interstitiis
1324 1774 1585 1812 appropinquanti
1622 1773 1786 1812 adparent.
1841 1774 1901 1812 Qui
1923 1785 2000 1805 ver-

215 1840 274 1860 sus
299 1832 326 1861 si
354 1841 423 1862 cum
452 1832 661 1862 antecedente
688 1833 866 1862 coniunctus
897 1838 972 1873 est,
1010 1833 1133 1872 equites
1161 1833 1298 1863 hostium
1335 1834 1507 1874 significari
1535 1845 1596 1864 non
1625 1841 1777 1874 possunt3
1817 1837 1870 1866 sed
1905 1844 2002 1877 poeta

216 1896 351 1933 equites,
380 1896 430 1934 qui
458 1904 527 1924 cuin
554 1895 624 1934 ipso
652 1895 680 1923 in
708 1894 848 1924 hostium
876 1895 1024 1924 ditionem
1051 1895 1257 1925 incursionem
1286 1895 1419 1935 faciunt,
1447 1897 1607 1927 describit.
1637 1899 1763 1928 Versus
1782 1904 1887 1929 autem
1905 1910 2000 1940 quum

214 1957 244 1986 in
271 1958 426 1988 Mersukii
456 1958 626 1997 exemplari
654 1968 715 1987 non
746 1958 880 1998 legatur.
908 1957 1001 1995 atius,
1030 1958 1120 1987 cuius
1147 1958 1338 1987 mentionem
1367 1958 1510 1997 fecimus,
1540 1960 1764 1999 interpretandi
1781 1962 1890 1992 modus
1911 1968 2001 1994 ortus

216 2026 276 2051 est.
331 2021 471 2050 Verbum
499 2025 592 2059 0³²⁵.»
621 2030 681 2059 ope
709 2021 955 2059 praepositionis
983 2031 1016 2055 ψ
1044 2020 1245 2049 transitivam
1272 2019 1538 2060 significationem
1566 2022 1689 2061 accipit.

217 2118 249 2147 8.
275 2117 416 2154 Quorum
440 2119 587 2154 adspecm
609 2118 744 2146 laetatus
765 2127 836 2146 snm
861 2120 891 2146 et
914 2117 1025 2145 odores
1049 2116 1187 2145 Ambrae
1210 2118 1401 2153 spirantium
1422 2119 1624 2155 seminarum.

706 2168 709 2179 l

313 2188 374 2218 Hic
400 2195 516 2216 versus
546 2196 615 2216 cum
643 2197 741 2216 versu
767 2187 862 2216 tertio
890 2187 1057 2226 cohaeret;
1086 2185 1144 2214 sed
1170 2185 1199 2215 in
1226 2186 1383 2215 Mersukii
1414 2187 1523 2217 codice
1550 2197 1612 2218 non
1641 2189 1766 2230 legitur.
1807 2190 1901 2220 Haud
1918 2191 1999 2220 bene

215 2260 285 2281 cum
313 2251 472 2290 equitibus
512 2249 646 2279 feminas
685 2250 801 2279 odores
828 2250 970 2280 Ambrae
1005 2250 1167 2289 spirantes
1202 2249 1410 2280 coniunxisse
1443 2257 1538 2290 poeta
1574 2250 1710 2282 videtur.
1763 2252 1849 2281 Ante
1882 2261 1996 2282 vocem

214 2309 347 2363 {ql-,alb
375 2312 608 2342 substantivum
635 2311 814 2341 feminae
842 2311 1051 2352 supplendum
1079 2317 1140 2342 est.

213 2410 246 2440 9.
283 2410 329 2439 Et
359 2419 454 2449 quum
486 2411 569 2438 venii
602 2408 718 2437 ‹lit-ersi
746 2410 828 2437 inter
862 2417 897 2437 se
925 2411 1049 2437 certant
1078 2410 1110 2436 in
1143 2408 1294 2436 lateribus
1326 2408 1436 2437 domus
1467 2409 1616 2438 laciniam
1649 2413 1765 2438 terram
1798 2411 1976 2446 tanqentem

1024 2462 1180 2498 habentis,

312 2532 384 2562 Huc
412 2541 513 2570 usque
540 2530 755 2561 fortitudinem
781 2539 871 2560 suam
898 2529 1138 2569 descripserat,
1177 2531 1237 2560 iam
1272 2522 1312 2560 ad
1345 2530 1566 2561 liberalitatem
1601 2530 1840 2562 describendam
1867 2531 1991 2561 transit.

214 2594 275 2624 Hic
301 2603 419 2624 versus
443 2593 651 2633 descriptioni
684 2593 880 2624 inducendae
906 2593 1058 2632 inservit,
1094 2592 1208 2623 hiemis
1236 2593 1318 2624 enim
1347 2598 1475 2633 tempus
1503 2593 1609 2624 ventis
1635 2593 1715 2623 iuter
1739 2602 1777 2623 se
1803 2593 1894 2633 quasi
1920 2602 1993 2624 cer-
