2247 2865
1082 94 1176 116 XXVH

248 179 312 209 v.·l.
337 181 354 210 l.
370 180 398 210 5.
422 179 489 210 infr.
511 184 540 209 et
565 190 594 219 p.
615 178 687 208 70¹.
711 188 740 208 v.
761 178 785 207 1.
808 177 916 206 scholii
941 186 1014 215 pars
1039 182 1225 218 sequentem
1251 186 1376 207 versum
1401 181 1537 216 spectat.
1581 177 1615 206 ln
1639 176 1717 207 locis
1741 187 1768 216 p.
1779 177 1849 208 639.
1875 177 1944 208 v.3.
1967 178 2038 207 641.

246 247 276 266 v.
304 236 370 266 l.‘2.
394 246 422 275 p.
447 235 516 266 718.
540 244 570 263 v.
593 233 622 262 2.
648 242 721 272 pars
741 232 852 261 scholii
878 231 916 260 ud
942 232 1072 270 priorem
1098 241 1225 260 versum
1251 231 1393 270 pertinet.

329 324 525 363 Quamquam
542 319 696 350 Mersultii
719 319 964 349 commentarius
990 319 1060 348 sons
1083 319 1271 358 praecipuus
1296 323 1355 354 est,
1380 328 1419 348 ex
1444 328 1505 358 quo
1522 315 1685 347 'l‘eb'risius
1702 318 1816 350 hausit.
1840 328 1909 349 eum
1934 324 2037 349 tamen

243 378 374 408 oliorum
403 385 528 416 quoque
549 375 686 403 virorum
711 373 885 402 doctrinam
920 373 946 401 in
980 382 1069 401 usum
1099 372 1305 401 adhibuisse.
1336 382 1396 401 non
1427 381 1516 402 suin.
1548 374 1598 410 qui
1631 382 1754 411 negem.
1810 373 1858 402 Ex
1888 374 2037 412 operibus

245 430 470 469 Ebu-Djinnii,
493 431 584 458 cuius
607 429 635 457 in
655 428 880 457 commentario
905 428 1029 455 nomine
1054 425 1264 456 Aliu-l'Fath
1290 436 1413 465 qnoque
1437 428 1554 455 mentio
1578 427 1628 466 tit,
1659 437 1728 456 eum
1755 426 1843 465 plura
1865 427 2034 465 sumsisse,

242 493 273 517 et
296 495 420 516 eorum.
444 493 524 523 quae
545 493 585 512 ex
608 481 817 512 Abu-l‘Ahlu
842 480 1041 518 audivisset,
1072 480 1158 518 plura
1184 483 1420 516 grannnaticam
1445 481 1666 519 interpretandi
1689 482 1838 511 rationem
1862 484 2038 521 spectantia

245 543 273 570 in
294 549 386 569 sunm
411 547 500 568 usum
526 537 743 568 convertisse.
775 537 834 565 iam
862 545 901 564 ex
934 535 1020 574 primi
1047 535 1192 564 carminis
1217 536 1440 564 cotnnwttltlrlo
1464 536 1578 564 collato
1600 544 1669 564 cuin
1697 536 1847 566 Mersukii
1871 546 2036 566 commen-

242 594 321 624 tario
345 597 429 632 patet
454 590 670 629 confiquoque
690 599 717 628 p.
733 589 798 618 160.
819 589 879 618 xus)
893 600 960 628 sqq.
984 588 1054 618 358.
1079 589 1148 618 v.3.
1164 595 1240 619 text.
1266 590 1609 619 interdum'sebrisium
1636 591 1781 620 carminis
1804 596 1859 621 aut
1884 600 2036 621 versuum

240 645 468 677 commentario
492 644 659 682 absoluto>
683 652 751 681 res,
783 643 872 683 quasi
894 648 985 672 antea
1013 643 1176 681 neglectae
1199 644 1260 673 sint
1283 649 1336 672 ant
1360 645 1450 682 quasi
1475 655 1577 674 rerum
1604 646 1714 675 notitia
1738 650 1848 684 postea
1872 645 1910 674 ad
1934 646 2034 685 ipsum

240 700 440 740 prrvenerit,
465 698 564 729 adfert
593 698 673 727 conl.
699 708 770 737 pag.
797 698 862 727 1⁵5.
891 698 964 737 13¹6,
985 699 1056 727 221.
1078 696 1140 726 3s6
1163 703 1191 726 et
1217 697 1285 726 478.
1318 706 1348 726 v.
1376 698 1399 726 l.
1447 698 1550 735 Quam
1582 708 1646 727 rem
1679 708 1769 737 quum
1800 699 1971 738 praecipue
2004 699 2034 728 in

241 756 348 785 rebus.
371 762 450 794 quas
471 753 510 782 ab
526 750 725 781 Abu-l‘Ahla
747 751 880 780 edoctus
903 757 1003 790 esset.
1028 753 1144 781 factam
1163 752 1330 781 videamus
1355 753 1453 787 (conf.
1477 763 1504 792 q.
1529 756 1582 786 fixo
1606 753 1704 783 inline
1723 755 1900 791 carminis),
1916 754 2034 783 'l'ebri-

239 816 320 844 sius.
332 822 452 842 eorum.
467 821 548 850 quae
561 820 600 840 ex
614 810 812 840 Abu-l’Ahla
823 809 1001 849 audiveratj.
1012 810 1098 849 plura
1111 811 1257 840 absoluto
1270 813 1496 841 commentario
1506 811 1667 841 addidisse
1679 812 1809 842 videtur.
1826 812 1939 851 Neque
1953 821 2030 842 vero

239 868 430 898 dubitamus.
453 866 526 905 quin
551 874 589 893 ex
614 865 684 893 aliis
706 863 854 902 operibus
873 869 937 894 tum
967 865 1239 903 grammaticorum
1263 870 1326 894 tum
1350 865 1647 905 lcxicographorum
1672 866 1757 904 plura
1781 866 1808 894 in
1832 870 2033 895 commenta-

239 923 315 952 rium
350 930 438 950 suum
470 920 644 949 inseruerit.
699 918 784 948 Num
819 919 952 948 omnium
986 919 1013 947 in
1047 919 1174 948 scholiis
1208 920 1372 950 citatorum
1403 922 1588 960 scriptorum
1618 931 1713 960 opera
1746 921 1813 959 ipse
1848 921 2033 960 inspexerit,

238 986 278 1006 an
299 985 339 1005 cx
357 974 484 1004 aliorum
512 972 670 1012 operibns.
695 972 723 1001 in
747 972 861 1010 quibus
883 981 991 1001 eurum
1017 974 1135 1001 mentio
1160 973 1242 1002 sacta
1268 980 1366 1007 esset,
1391 974 1475 1003 (licta
1497 976 1658 1009 sumserit,
1682 975 1751 1014 quis
1775 975 1879 1004 dicere
1903 973 2034 1013 potest?

238 1029 300 1067 Qui
335 1027 481 1057 doctores
516 1026 649 1056 'l'ebrisii
684 1031 826 1064 tempore
860 1027 1011 1059 vixerint„
1048 1031 1079 1055 ut
1113 1027 1473 1057 Abu—Moliammedes
1509 1027 1696 1065 Aldahhan,
1741 1029 1974 1058 Abu-Becrus
2005 1028 2031 1057 b.

237 1083 357 1112 'l'sahet
391 1080 584 1117 Alchathib,
629 1080 729 1109 Ebu·
750 1080 925 1109 Bai-tianius
959 1085 991 1109 et
1022 1080 1256 1119 Abu-l'Ahla‚
1302 1091 1409 1111 eorum
1441 1093 1499 1112 non
1534 1088 1597 1113 tam
1632 1084 1784 1122 scriptis,
1826 1093 1918 1123 quam
1950 1092 2032 1112 voce

236 1138 415 1168 Tebrisinm
449 1134 596 1163 edoctum
635 1143 708 1162 csse
742 1138 897 1171 putamus.
963 1134 997 1162 ln
1032 1134 1128 1163 rebus
1162 1135 1342 1173 historicis,
1386 1147 1467 1176 quae
1504 1138 1714 1178 intelligendis
1746 1139 1890 1167 versibus
1924 1139 2028 1167 inser-

235 1195 343 1225 viant,
367 1200 436 1220 eum
468 1187 783 1226 Abu-Rijaschum,
801 1188 850 1227 qui
873 1188 998 1217 numine
1023 1189 1193 1228 Alrijaschi
1216 1199 1343 1230 quoque
1366 1191 1394 1220 in
1417 1191 1546 1221 scholiis
1571 1195 1726 1232 occurrit,
1749 1194 1946 1232 potissimum
1970 1202 2028 1222 se-

234 1253 341 1278 cutum
365 1253 438 1274 esse
460 1244 647 1272 invenimus.

318 1332 492 1362 'l‘ebrisium
517 1330 568 1370 qui
593 1338 671 1369 opus
695 1328 734 1359 de
757 1338 790 1358 re
813 1331 943 1359 meti-ica
967 1335 998 1360 et
1021 1331 1268 1362 homoioteleuto
1290 1334 1503 1373 composuerit
1527 1335 1608 1365 conl'.
1632 1337 1729 1376 praes.
1755 1347 1783 1376 p.
1808 1337 1885 1375 XX,
1908 1346 1947 1365 ex
1973 1345 2032 1367 sua

238 1395 330 1425 quam
354 1385 506 1422 haberet,
530 1383 572 1412 rei
595 1382 704 1412 notitia
727 1391 879 1412 versuum
905 1384 933 1412 in
957 1383 1099 1413 Ilamasa
1122 1387 1354 1416 occurrentium
1380 1392 1478 1416 metra
1503 1387 1632 1417 ‹letinire
1657 1390 1820 1428 potuisse,
1852 1388 1945 1418 dubio
1969 1389 2031 1419 ob·-

237 1440 364 1469 noxium
395 1446 469 1467 esse
498 1446 559 1465 non
582 1440 696 1475 potest.
741 1437 915 1466 'l'ebrisium
940 1437 968 1465 in
993 1442 1218 1469 commentario
1248 1446 1345 1470 metra
1376 1442 1536 1471 addidisse
1567 1442 1724 1474 dicerem.
1757 1443 1816 1472 nisi
1847 1443 1946 1481 ipsius
1969 1442 2030 1472 ad-

237 1495 407 1531 notatione.
431 1494 459 1522 in
484 1492 544 1521 line
567 1492 780 1521 commentarii
804 1492 942 1525 adicem.
967 1497 1114 1530 quantam
1138 1502 1244 1522 curam
1271 1493 1526 1534 diligentiamque
1549 1495 1587 1524 ad
1613 1501 1712 1525 metra
1735 1495 1912 1524 delinienda
1936 1495 2029 1525 Abu-

235 1549 339 1580 l'Ahla
362 1548 538 1578 adhibuerit
560 1545 694 1575 edoctus
717 1555 842 1584 essem,
874 1547 914 1576 ita
947 1551 981 1576 ut
1010 1546 1070 1576 hac
1101 1556 1226 1586 quoque
1249 1548 1278 1576 in
1302 1558 1334 1577 re
1359 1548 1573 1578 Abu-t·Ah¹a
1597 1554 1744 1587 tanquam
1769 1549 1923 1589 magistro
1949 1558 2028 1578 usus

234 1604 389 1634 videatur.
418 1602 488 1632 nac
511 1601 550 1630 de
571 1610 605 1629 re
627 1604 720 1628 antea
744 1599 835 1629 dictis
858 1599 919 1628 hoc
941 1600 1008 1629 loco
1031 1599 1208 1629 addendum
1232 1606 1291 1639 est,
1315 1611 1386 1631 eum
1401 1608 1549 1632 accurate
1574 1601 1741 1631 deliniendi
1758 1602 1809 1630 via
1827 1611 1888 1630 non
1901 1611 2028 1640 semper

234 1658 420 1688 incessisse.
443 1656 532 1685 lnitio
557 1654 772 1683 commentarii
785 1663 866 1692 quae
890 1654 979 1685 dim.
1004 1664 1042 1684 ea
1055 1664 1114 1683 non
1130 1660 1191 1684 tam
1216 1660 1364 1684 accurata
1384 1660 1468 1694 sunt,
1495 1665 1587 1694 quam
1611 1656 1691 1694 p.6·2
1714 1665 1780 1695 sqq.
1803 1656 1934 1694 prolata,
1956 1654 2028 1685 dum

233 1721 312 1753 quae
336 1714 407 1750 post
431 1709 554 1746 retulit,
587 1708 687 1737 minus
710 1712 859 1737 accurata
883 1718 1009 1748 quoque
1031 1710 1232 1748 reperiuntur.
1278 1710 1342 1738 tam
1367 1718 1436 1748 pag.
1458 1710 1506 1738 45.
1529 1715 1591 1739 tam
1617 1710 1704 1739 metri
1727 1719 1818 1749 quam
1844 1709 2024 1738 homoiote-

233 1765 306 1795 leuti
331 1763 543 1793 definitionem
569 1761 683 1791 deesse
705 1761 862 1800 videmuS‚
886 1772 969 1802 quae
992 1772 1062 1800 res,
1094 1763 1135 1792 ita
1160 1768 1191 1792 ut
1216 1762 1450 1792 homoioteleuti
1475 1763 1614 1792 delinitio
1639 1763 1833 1802 frequentius
1858 1761 2025 1791 desidere-

232 1825 301 1858 tur,
329 1827 424 1858 quum
448 1821 561 1856 postea
585 1816 776 1855 saepissime
800 1817 995 1856 inveniatur,
1028 1819 1102 1848 nulli
1126 1818 1166 1847 rei
1189 1819 1250 1847 nisi
1272 1819 1434 1857 scriptoris
1457 1818 1594 1848 incuriae
1617 1823 1712 1857 atque
1733 1816 1944 1856 negligentiae
1968 1817 2027 1846 tri-

230 1873 354 1905 buenda
376 1872 513 1903 videtur.

315 1960 505 1991 praefationi
528 1958 619 1990 finem
644 1960 849 1999 impositurus
872 1959 911 1989 de
938 1961 1070 1990 consilio
1092 1971 1162 1991 meo
1185 1962 1212 1990 in
1235 1961 1334 1990 hocce
1357 1961 1435 1990 libro
1458 1958 1675 1999 componendo
1701 1963 1731 1988 et
1756 1959 1894 1998 ratione,
1929 1966 2022 1997 quam

231 2021 363 2045 secutus
384 2015 457 2054 sim,
478 2023 539 2044 non
562 2023 692 2053 possum
717 2024 775 2043 non
800 2015 909 2053 paucis
929 2014 1094 2045 disserere.
1140 2016 1245 2055 Atque
1269 2016 1399 2053 primum
1426 2013 1546 2054 quidem
1571 2013 1599 2042 id
1621 2013 1686 2051 egi,
1712 2018 1743 2042 ut
1758 2013 1920 2042 llaxnasae
1943 2016 2019 2041 tex-

231 2073 297 2097 tum
321 2067 640 2107 commentariumque
663 2068 840 2107 legentibus
869 2068 1040 2099 faciliorem
1064 2069 1237 2100 redderem.
1284 2069 1439 2098 Arabibus
1467 2068 1543 2108 ipsis
1567 2067 1728 2097 Hamasae
1757 2067 1894 2096 carmina
1927 2065 2021 2094 intel-

231 2121 313 2151 lectu
344 2119 484 2150 difficilia
512 2121 612 2151 fuisse
641 2131 682 2150 ex
712 2131 749 2151 eo
776 2123 1019 2161 cognoscimus,
1050 2123 1132 2162 quod
1160 2128 1205 2154 tot
1232 2126 1391 2162 tantisque
1420 2122 1654 2153 commentariis
1676 2131 1713 2150 ea
1735 2120 1880 2150 illustrari
1905 2128 2022 2158 operae

231 2175 364 2214 pretium
388 2173 559 2205 videretur.
604 2175 741 2204 Arabum
771 2176 970 2215 grammatici
999 2185 1094 2215 quum
1125 2178 1152 2206 in
1181 2178 1239 2208 illis
1263 2178 1451 2207 carminibus
1473 2174 1715 2215 interpretandis
1737 2175 1857 2204 nonnisi
1883 2173 2021 2203 terminis

230 2228 458 2268 grammaticae
479 2228 632 2258 technicis
654 2229 704 2258 usi
726 2234 835 2258 essent
857 2231 937 2268 (qua
959 2238 992 2258 re
1014 2230 1176 2260 Hamasae
1198 2235 1444 2262 commentarius
1470 2242 1544 2272 prae
1568 2232 1648 2270 aliis,
1672 2230 1753 2260 cons.
1779 2229 1907 2259 Susenii
1929 2237 2021 2257 com-

229 2281 413 2311 mentarium
438 2281 467 2309 in
488 2281 629 2310 carmina
651 2281 828 2311 Moallakat
850 2282 1026 2320 adpellata,
1052 2283 1183 2322 insignis
1207 2290 1284 2323 est),
1307 2288 1452 2317 difficiles
1475 2296 1601 2325 versus.
1627 2286 1805 2325 proverbia,
1831 2284 1946 2313 Corani
1970 2283 2020 2311 lo-

229 2343 286 2364 cos
309 2340 454 2373 tanquam
478 2334 622 2372 exempla
644 2333 871 2375 adnotassent,
896 2336 995 2365 nullos
1019 2337 1074 2365 nisi
1098 2338 1211 2367 doctos
1235 2339 1360 2369 Arabes
1383 2345 1456 2369 ante
1479 2340 1588 2369 oculos
1610 2338 1762 2368 habuisse
1786 2345 1840 2366 eos
1865 2335 2019 2365 videmus.

230 2388 302 2427 Qua
325 2398 359 2418 re
381 2389 498 2419 factum
525 2393 592 2427 est,
624 2394 659 2419 ut
686 2393 929 2423 commentarius
957 2393 1143 2423 difficultate
1167 2402 1284 2424 versus
1308 2404 1406 2433 saepe
1431 2399 1613 2434 superaret,
1649 2397 1744 2431 atque
1767 2390 1796 2420 in
1819 2399 1857 2419 eo
1881 2389 2020 2430 legendo

227 2441 331 2471 minus
353 2441 440 2472 docti
461 2442 578 2471 auxilio
601 2447 741 2481 egerent.

311 2525 346 2555 ln
371 2527 517 2557 versibus
539 2527 635 2556 latine
659 2527 821 2557 vertendis
843 2528 957 2568 duplex
981 2530 1127 2570 quiddam
1153 2532 1319 2571 spectavi,
1351 2542 1463 2570 unum,
1497 2537 1530 2560 ut
1555 2533 1656 2561 miuus
1680 2532 1793 2561 doctos
1818 2533 1845 2561 in
1870 2531 2016 2562 versibus

228 2577 420 2609 verbotenus
442 2580 685 2620 interpretandis
708 2580 912 2623 adiuvarem,
943 2584 1074 2614 alterum
1089 2607 1099 2624 ,
1133 2589 1167 2614 ut
1189 2585 1317 2626 linguae
1342 2586 1500 2616 Arabicae
1523 2586 1657 2625 ignaris,
1687 2585 1768 2625 quod
1792 2591 2012 2626 argumentum
