2247 2865
995 122 1040 129 -
1103 106 1281 137 626—

246 217 297 246 15.
326 217 398 251 Vos,
423 226 440 245 o
462 216 522 244 duo
539 215 600 253 filii
621 214 734 244 Nisam·
753 224 880 252 moneo,·
902 215 1081 252 sequamini
1101 213 1204 252 iyilur'
1221 217 1289 245 eius
1311 216 1471 248 monitum,
1498 216 1634 253 quicum
1656 217 1846 250 st'ncerilute,
1871 218 2043 246 veracitate

932 273 963 299 et
981 279 1086 298 amore
1108 279 1162 297 vos
1184 269 1353 299 hortatur!

344 352 499 383 Monitum
527 362 621 383 suum
657 357 773 394 gentes
800 352 924 381 Rabiah
952 356 985 382 et
1010 351 1149 381 Modhar
1175 355 1325 390 spectare
1353 350 1435 380 dicit.
1489 350 1529 381 Hi
1557 351 1610 380 filii
1637 351 1768 391 Nisari,
1807 351 1860 380 filii
1889 350 2041 382 Maahddi

247 416 373 454 nepotis
401 415 548 445 Ahdnani
582 419 679 446 erant.
732 416 869 445 Nisarus
897 419 964 444 tres
993 414 1075 444 filios
1104 413 1260 454 habebat,
1288 412 1443 450 Modhar,
1480 413 1602 444 Rabiali
1631 419 1663 445 et
1690 416 1819 445 Anmar.
1873 415 1952 445 Dum
1980 424 2041 454 po-

248 477 379 506 steritas
406 459 537 507 Aninari
562 477 591 506 in
619 477 737 508 Arabia
771 477 855 507 felici
891 477 988 507 sedes
1015 476 1173 516 habebat,
1213 485 1254 505 ex
1282 475 1437 506 Modharo
1473 481 1505 522 et
1532 477 1676 507 Rabiaho
1713 480 1774 507 orti
1803 478 1928 507 Arabes
1961 486 2041 506 vera

247 538 393 568 Ismaelis
421 539 591 578 posteritas
620 539 790 578 putabatur
826 536 1076 581 (Ebu-Kotaib.
1105 548 1134 577 p.
1163 537 1208 567 63
1236 533 1332 579 seqv).
1385 532 1470 567 Loco
1498 540 1591 568 vocis
1618 542 1721 584 &mim
1747 539 1775 568 in
1802 539 1922 569 codicis
1950 538 2042 567 Mer·-

249 602 335 631 sukii
364 607 453 632 textu
516 607 580 630 {zm
607 602 807 631 sincerum
835 601 1043 631 exhibens
1071 605 1141 641 est3
1169 599 1238 636 sed,
1265 608 1358 637 quum
1386 599 1466 628 haec
1483 599 1676 639 significatio
1702 600 1809 629 verbis
1829 600 2039 638 sequentibus

480 626 514 648 kd<

251 664 447 694 contineatur
476 665 611 695 alterum
638 664 765 706 legendi
792 663 931 705 modum,
960 673 1053 703 quem
1080 663 1111 692 in
1136 661 1267 692 scholiis
1296 663 1484 692 Mersukius
1513 663 1663 703 explicat,
1691 663 1847 701 praefero.

246 761 301 791 16.
324 762 375 791 Ne
398 758 491 802 (post
512 766 640 791 mortem
663 759 785 801 meam)
807 762 1034 790 interemimus
1057 762 1162 788 anima
1183 769 1252 788 mea
1274 759 1387 788 bellum
1411 769 1481 788 esse
1502 761 1586 788 sciat
1606 768 1707 797 neque
1720 762 1792 795 post
1807 769 1863 793 me,
1889 768 1943 787 vos
1959 757 2043 787 dun!

890 825 946 844 vae
968 814 1074 844 robis!
1093 816 1220 851 suqillis
1241 813 1388 842 incitatis!

346 886 511 925 Hortatur,
541 888 585 924 ut,
614 894 696 924 quae
723 885 891 926 monuerit,
919 885 1014 914 etiam
1043 888 1118 923 post
1147 888 1281 913 mortem
1308 893 1399 913 suam
1426 887 1629 924 conservent,
1658 888 1691 913 ut
1715 884 1831 913 bellum
1851 883 1934 913 inter
1953 883 2041 922 ipsos

247 956 309 977 non
335 952 520 977 renovetur.
553 948 677 977 Arabes
705 948 884 988 opinantur,
912 952 1106 977 mortuorum
1134 956 1209 976 ossa
1237 946 1305 976 fieri
1332 956 1412 976 aves
1441 947 1634 986 (bubones),
1663 957 1743 986 quae
1770 947 2041 977 circumvolantes

247 1008 420 1038 viventium
446 1018 498 1039 res
525 1010 702 1048 explorent.
733 1009 825 1047 Quae
839 1009 876 1040 de
892 1010 981 1039 hisce
1000 1010 1094 1040 rebus
1114 1010 1254 1040 Arabum
1272 1011 1375 1049 opinio
1392 1011 1445 1051 sit,
1475 1011 1617 1050 pluribus
1634 1010 1671 1040 ad
1687 1011 1776 1040 Ham.
1794 1019 1822 1049 p.
1839 1008 1879 1038 θ’·
1906 1009 2041 1047 exposi-

249 1075 344 1101 turus
363 1080 446 1102 sum.
473 1072 564 1101 Hanc
578 1073 753 1111 opinionem
770 1078 865 1112 poeta
880 1074 1024 1113 respexit
1041 1074 1168 1107 dicens:
1187 1075 1280 1116 &ew
1296 1074 1382 1115 lot÷ll
1397 1073 1440 1113 3.
1470 1076 1539 1105 Has
1558 1084 1660 1104 voces
1679 1074 1783 1104 »inter
1797 1073 1915 1102 animas
1935 1072 2040 1101 anima

248 1142 337 1163 mea«
368 1134 472 1163 minus
501 1140 648 1164 accurate
674 1135 798 1173 quidem
825 1136 927 1175 verti,
955 1136 1014 1166 sed
1044 1136 1097 1174 ita,
1125 1141 1159 1167 ut
1185 1147 1304 1167 seusus
1333 1138 1462 1178 intelligi
1491 1141 1614 1176 posset.
1668 1137 1760 1166 Ponit
1788 1136 1922 1165 animam
1950 1142 2040 1164 suam

249 1204 318 1224 eum
340 1196 452 1226 animis
482 1197 611 1226 aliorum
639 1202 834 1227 mortuorum
863 1203 1093 1239 congregatam
1119 1200 1260 1240 gentium
1287 1200 1407 1230 illarum
1435 1201 1613 1229 viventium
1641 1199 1769 1228 nuntios
1798 1197 1978 1237 explorare,
2008 1201 2043 1225 ut.

249 1257 278 1286 si
304 1257 417 1288 bellum
447 1259 528 1288 inter
555 1269 612 1289 eas
639 1265 783 1300 geratur,
812 1261 905 1290 huius
930 1262 974 1290 rei
1001 1261 1118 1291 certior
1144 1261 1210 1292 fiat.
1263 1263 1330 1292 Sed
1357 1264 1474 1302 triplex
1502 1263 1671 1292 verborum
1700 1260 1901 1301 legendorum
1929 1258 2041 1288 modus

250 1324 312 1349 est.
364 1320 509 1361 Modum,
538 1331 628 1360 quem
658 1323 743 1362 typis
770 1324 1004 1364 expressimus,
1034 1325 1187 1354 vitiosum
1215 1335 1275 1354 non
1291 1335 1376 1366 esse,
1404 1336 1445 1355 ex
1465 1326 1622 1355 Mersukii
1643 1326 1784 1365 margine
1804 1324 2042 1365 cognoscimus,

248 1381 277 1410 in
306 1391 368 1421 quo
395 1383 447 1413 hic
474 1384 600 1425 legendi
629 1385 742 1414 modus
770 1386 939 1416 adnotatus
965 1392 1036 1427 est,
1077 1392 1110 1418 ut
1137 1397 1203 1417 vox
1229 1379 1317 1432 ψλὲῖ
1344 1389 1433 1418 verbi
1467 1390 1641 1419 subiectum
1671 1389 1714 1418 sit
1740 1393 1772 1417 et
1799 1393 1944 1417 vertatur
1982 1397 2042 1416 »ne

210 1433 214 1437 ,
249 1444 364 1474 bellum
392 1446 472 1475 inter
499 1447 620 1477 animas
648 1448 783 1478 animam
810 1459 912 1479 meam
932 1456 1143 1490 cognoseat.«
1201 1451 1275 1481 Vox
1302 1441 1393 1497 ψίὲῖ
1420 1451 1550 1491 generis
1578 1449 1716 1479 feminini
1744 1454 1805 1478 est.
1858 1449 1951 1478 Alter
1971 1457 2042 1477 mo-

250 1507 309 1538 dus
337 1518 375 1538 eo
403 1511 570 1551 consistit,
599 1512 681 1550 quod
710 1512 781 1542 voci
809 1503 896 1555 ⁵335
925 1514 1132 1543 accusativus
1158 1513 1266 1550 datur,
1296 1518 1330 1542 ut
1357 1522 1422 1542 vox
1448 1509 1542 1554 4512&
1567 1512 1740 1542 subiectum
1767 1511 1819 1540 sit.
1873 1511 1966 1540 Hunc
1992 1510 2042 1539 le-

1606 1568 1617 1581 :
1633 1570 1639 1580 ι

250 1583 345 1624 gendi
373 1584 497 1614 modum
524 1586 552 1615 in
580 1586 736 1616 vertendo
765 1591 893 1618 seculus
921 1598 1002 1618 sum.
1054 1588 1182 1618 Tertius
1210 1588 1345 1626 denique
1379 1587 1492 1616 modus
1520 1591 1571 1616 est
1599 1570 1714 1632 &4²32
1750 1590 1785 1615 ut
1812 1595 1985 1624 pronomen
2010 1585 2041 1614 in

251 1659 351 1688 verbo
377 1659 478 1689 latens
505 1661 682 1690 subiectum
709 1662 751 1691 sit
778 1667 809 1691 et
838 1668 1003 1693 vertatur:
1048 1664 1121 1693 »Ne
1155 1663 1290 1692 animam
1324 1672 1426 1692 meam
1462 1662 1542 1691 inter
1577 1662 1698 1692 animas
1733 1660 1845 1690 bellum
1879 1670 1955 1689 esse
1982 1659 2043 1689 (lo-

252 1723 385 1752 ceatis.«
440 1724 475 1752 Iu
502 1724 680 1762 posteriore
707 1730 813 1755 autem
844 1736 961 1755 versus
996 1731 1087 1765 parte
1122 1730 1217 1765 poeta
1254 1728 1380 1764 monet,
1420 1734 1459 1754 ne
1488 1725 1527 1754 de
1553 1725 1673 1754 honore
1708 1724 1789 1753 inter
1824 1733 1861 1752 se
1898 1726 2041 1761 certent3

251 1785 389 1816 futurum
416 1787 496 1816 enim
525 1797 612 1827 esse,
641 1792 675 1818 ut
703 1788 763 1818 hoc
790 1788 829 1818 ad
858 1793 995 1818 mutuum
1025 1788 1129 1817 odium
1158 1787 1262 1817 ducat.
1319 1787 1486 1818 laculaudo
1522 1793 1645 1817 certare
1673 1787 1831 1816 Arabibus
1860 1785 1939 1815 idem
1965 1795 2041 1815 esse

252 1858 287 1879 ac
316 1849 353 1879 de
381 1849 499 1879 honore
527 1854 659 1889 certare,
687 1851 880 1882 scholiastes
908 1851 1081 1881 adnotavit.

253 1954 317 1993 (Ι).
340 1952 466 1992 351.)
512 1956 562 1986 17.
590 1957 707 1986 Nonne
735 1958 770 1986 ob
794 1958 878 1996 filios
908 1959 987 1987 duas
1013 1960 1117 1996 patris
1146 1961 1243 1988 restri
1270 1959 1373 1994 {qvem
1401 1957 1516 1984 timelt's
1539 1958 1569 1983 et
1590 1956 1621 1983 m
1645 1955 1711 1983 Deo
1734 1956 1766 1982 in
1787 1954 1937 1990 paradiso
1962 1954 2041 1981 vitae

947 2011 1080 2040 alterius
1101 2022 1186 2049 spem
1207 2012 1347 2050 ponitis?

257 2071 306 2102 18.
335 2072 409 2102 IVon
438 2077 539 2102 {mrem
565 2078 668 2103 terrae
698 2075 830 2111 humus,
862 2079 892 2105 si
913 2080 981 2106 eius
1002 2078 1163 2115 pulverem
1186 2079 1383 2116 collegis-«ses,
1418 2079 1615 2106 numerosior
1637 2085 1767 2105 numero
1790 2085 1882 2115 quam
1905 2076 1965 2104 duo
1984 2076 2045 2114 filii

1034 2131 1149 2160 ,Visari
1169 2136 1260 2161 essel.

351 2210 383 2239 Iu
412 2209 517 2249 priore
544 2220 655 2249 versu,
684 2213 735 2250 qui
767 2221 835 2241 cum
864 2213 1045 2251 posteriore
1071 2223 1169 2244 sensu
1195 2224 1256 2243 non
1284 2213 1445 2251 cohaeret,
1475 2212 1735 2250 tanquambouus
1754 2210 2040 2241 Monammedanus

254 2277 379 2311 mouet,
407 2282 446 2301 ne
474 2281 597 2310 poenae
624 2272 872 2314 obliviscantur,
901 2284 960 2313 qua
988 2275 1005 2304 ii
1033 2275 1240 2315 adliciantur,
1269 2276 1319 2314 qui
1347 2274 1451 2304 officia
1479 2283 1555 2313 erga
1583 2278 1735 2313 cognatos
1763 2274 1946 2314 negligant,
1976 2276 2039 2302 tum

254 2333 425 2373 praemium
454 2334 483 2362 in
512 2333 659 2372 paradiso
686 2344 704 2364 a
723 2334 792 2363 Deo
821 2337 1073 2374 exspectandum
1104 2341 1340 2372 commemorat,
1368 2337 1397 2364 si
1422 2334 1526 2364 officio
1555 2335 1594 2364 illi
1621 2335 1832 2365 satisfaciant.
1886 2335 1920 2363 In
1947 2338 2039 2362 textu

252 2395 386 2424 'l'ebrisii
413 2392 452 2423 :Mt
480 2395 588 2440 &45³
614 2396 750 2437 legitur,
777 2397 832 2427 sed
861 2407 923 2438 ego
952 2400 982 2428 in
1010 2400 1152 2440 margine
1182 2398 1364 2428 adnotatam
1392 2407 1503 2428 vocem
1529 2397 1596 2442 ,tait
1625 2399 1795 2437 posteriori
1820 2406 1937 2427 versus
1957 2396 2039 2435 parti

254 2460 429 2496 oppositam
459 2459 698 2497 praeferendam
728 2461 848 2499 putavi.
902 2461 935 2489 In
964 2470 1061 2490 versu
1093 2461 1135 2490 15
1173 2460 1252 2489 duos
1293 2459 1373 2488 filios
1401 2460 1510 2489 Nisari
1539 2465 1714 2490 monuerat.
1764 2460 1872 2489 llosce
1901 2457 1980 2487 duos
2009 2459 2038 2487 in

252 2519 311 2550 hoc
338 2530 435 2549 versu
464 2521 618 2551 allocutus
647 2528 718 2561 est,
745 2523 801 2553 sed
830 2524 927 2553 verba
954 2522 992 2552 ad
1020 2532 1130 2552 omues
1159 2522 1195 2552 ab
1223 2522 1272 2551 his
1301 2522 1422 2552 (luobus
1450 2527 1536 2552 ortos
1566 2522 1690 2552 Arabes
1717 2524 1876 2559 spectant.

351 2583 387 2612 lu
412 2584 592 2623 posteriore
618 2590 707 2624 parte
737 2587 877 2626 gentium
907 2585 1027 2616 illarum
1058 2585 1187 2615 duarum
1224 2587 1344 2623 copiam
1375 2585 1611 2623 comparatione
1637 2593 1656 2614 a
1682 2583 1815 2622 pulvere
1843 2587 1947 2612 terrae
1976 2581 2035 2611 de-
