2247 2865
999 89 1264 121 —610—

247 187 308 226 &Uo
335 201 394 221 non
421 190 556 230 amplius
583 190 717 220 verbum
743 189 796 220 sit.
847 189 938 219 Hanc
963 197 1087 228 quoque
1114 190 1153 220 ob
1181 199 1311 221 causam
1342 189 1476 219 verbum
1503 189 1612 219 statim
1646 190 1735 229 sequi
1761 190 1844 221 licet.
1898 192 2032 221 Mersu-

248 255 300 284 kio
328 258 432 284 autem
459 263 525 284 vox
542 251 624 298 54:55
653 258 704 284 est
730 263 786 293 pro
808 251 889 297 ἄιε-Π
915 248 1006 287 &La-iii
1038 251 1128 282 »vita
1153 254 1339 292 continua«,
1366 256 1401 282 ut
1427 252 1625 282 antecedens
1652 262 1719 283 vox
1746 253 1865 284 omissa
1891 253 1944 284 sit.

246 352 279 379 2.
302 350 332 380 A
355 355 499 389 tempore,
524 360 584 390 quo
607 354 702 380 natus
723 360 802 384 sum,
828 352 953 378 centum
976 351 1055 378 anni
1071 350 1274 386 praeteriere,
1298 357 1414 386 easque
1434 351 1586 387 tanquam
1605 353 1720 378 vestem
1742 352 1829 385 exui,
1855 353 1920 379 tum
1937 352 2033 389 quin-

902 413 962 442 que
982 406 1149 442 sequentes
1172 406 1202 431 el
1223 405 1368 440 quatuor,

346 475 491 516 Longam
518 475 616 504 vitam
644 483 732 504 suam
760 482 1024 509 commemorans,
1051 481 1089 501 se
1117 476 1241 501 centum
1268 476 1301 501 et
1328 481 1444 502 novem
1472 483 1571 504 annos
1598 475 1737 516 vixisse,
1766 475 1849 506 dicit.
1877 477 1955 507 Post
1970 487 2034 507 vo-

248 546 316 567 cem
343 536 403 566 &sla
428 547 493 567 vox
520 540 581 565 xxm
607 538 729 567 omissa
754 541 816 566 est.
868 536 1020 566 Aetatem
1057 543 1127 564 cum
1162 539 1258 564 veste
1293 535 1491 574 comparavit
1524 542 1556 566 et
1583 548 1652 568 eam
1681 540 1719 568 ob
1748 549 1878 571 causam
1908 540 2034 582 [ῷνοὶὲ

249 600 332 638 (tum
361 610 431 630 eam
458 601 550 640 exui)
578 600 666 631 dixit.
718 599 785 630 Sed
812 608 868 639 pro
895 598 956 628 hac
982 607 1066 628 voce
1094 595 1220 637 [qa-wau
1248 597 1358 627 eadem
1389 607 1457 628 cum
1484 599 1721 639 significatione
1745 602 1874 644 legitur.
1926 605 2034 635 Scho-

248 663 365 693 liastae
392 673 458 693 vox
484 662 549 713 {bys
574 673 688 693 nomen
717 663 850 693 actionis
878 666 941 702 est,
973 660 1055 700 quod
1081 659 1151 690 loco
1175 659 1325 690 adiectivi
1340 660 1516 691 adhibetur.
1546 663 1808 697 Amru-l’Kaisus
1825 668 1853 697 in
1869 669 2034 700 Moanaka

246 735 279 754 v.
309 725 363 755 19.
393 735 450 756 cor
476 735 548 756 cum
573 730 690 766 veste,
726 734 807 764 quae
837 724 981 760 exuitur,
1018 722 1225 762 comparavit.
1278 722 1480 754 Scholiastes
1521 735 1645 765 quoque
1681 728 1865 771 adnotavit,
1905 735 2031 770 poetam

246 787 419 816 verborum
447 788 686 826 praeteritorum
721 785 806 815 nulla
832 787 955 815 ratione
981 784 1087 815 habita
1113 782 1179 813 dli>
1201 789 1264 822 Aa?
1293 785 1439 828 dixisse,
1480 792 1513 817 et
1539 797 1670 819 sensum
1699 799 1774 820 esse.
1801 791 1892 836 2:³55&
1920 791 1944 821 la
1969 798 2033 831 αις

250 853 347 888 »post
376 849 418 889 id,
446 848 527 887 quod
557 847 836 878 commemoravi.«
869 845 967 877 Simili
983 845 1075 875 modo
1091 850 1218 885 poetam
1235 842 1502 878 Dsu-l'Rommah
1520 849 1660 880 locutum
1677 861 1754 881 esse
1781 850 1887 894 (metr.
1905 852 2032 897 Wafir):

246 912 382 952 Majja
411 911 703 951 pulcherrima
743 914 1020 941 creaturarum
1057 907 1234 938 duarum
1269 908 1485 946 (hominum
1516 910 1850 954 daemonumque)
1888 917 2032 957 genis,

247 974 352 1003 colli
379 974 516 1003 latere
543 978 583 1003 et
610 973 895 1013 pulcherrima
928 972 1120 1011 occipite
1154 976 1224 1001 est.
1276 972 1453 1003 Dicendum
1480 974 1581 1005 fuisse
1610 972 1789 1018 Lapa->597
1817 986 1911 1016 quum
1938 978 2034 1008 suffi-

246 1045 321 1066 xum
349 1036 389 1066 ad
417 1046 532 1066 vocem
559 1032 674 1082 0μέϋὶ
703 1034 904 1065 referendum
932 1035 982 1064 sit.

245 1133 277 1163 3.
311 1134 359 1162 Et
386 1137 462 1172 quot
492 1135 646 1172 equitibus
674 1136 777 1162 instar
806 1134 966 1170 agminum
993 1132 1096 1160 avium
1118 1131 1226 1160 Katha
1255 1135 1375 1169 restiti,
1409 1135 1522 1172 quibua
1545 1135 1655 1172 pluvia
1681 1140 1768 1173 erat,
1802 1139 1835 1166 in
1859 1148 1921 1176 qua
1949 1149 2034 1169 mors

1052 1186 1218 1224 falqebal!

343 1263 463 1293 Narrat
489 1273 542 1293 res
570 1268 665 1293 antea
692 1262 730 1292 ab
756 1263 827 1300 ipso
853 1264 1012 1300 peractas.
1065 1259 1111 1290 Se
1137 1259 1250 1290 fortem
1277 1265 1502 1301 strenuumque
1529 1263 1693 1301 describit,
1721 1265 1772 1304 qui
1804 1267 1944 1306 equitum
1972 1278 2034 1309 ag-

244 1327 328 1355 mina
363 1326 549 1356 cohibuerit.
615 1325 748 1364 Equites
786 1324 828 1354 illi
865 1333 932 1353 cum
969 1323 1075 1352 avium
1111 1322 1218 1352 Katha
1254 1322 1432 1361 agminibus
1470 1326 1676 1363 comparavit.
1738 1327 1828 1357 Aves
1861 1328 1968 1358 Katha
2003 1330 2031 1359 in

246 1387 456 1427 comparando
493 1388 625 1427 saepius
653 1387 839 1417 adhibentur
874 1383 975 1417 conf,
1003 1385 1111 1414 Ham.
1140 1382 1180 1413 ⁸³²1*
1208 1393 1238 1412 ν.
1267 1384 1298 1414 2.
1327 1386 1367 1414 r‘t‘l
1395 1394 1466 1424 sup.
1520 1387 1591 1416 Hoc
1620 1387 1649 1416 in
1677 1397 1775 1417 versu
1803 1393 1863 1418 tam
1891 1391 2032 1420 multitu-

245 1449 346 1480 dinem
374 1453 514 1490 equitum
542 1461 633 1491 quam
661 1451 874 1488 celeritatem,
909 1459 970 1489 qua
996 1449 1137 1488 equitum
1166 1453 1269 1478 turma
1295 1447 1445 1489 advenit,
1481 1450 1684 1488 comparandi
1711 1451 1821 1481 modus
1848 1453 2033 1493 significare

244 1512 380 1546 videtur.
430 1514 520 1543 Aves
548 1516 632 1544 istae
667 1514 696 1543 in
733 1514 870 1544 desertis
901 1514 1070 1552 viventeS,
1106 1521 1124 1541 a
1152 1520 1235 1541 voce
1266 1520 1357 1550 quam
1390 1511 1509 1552 edunt,
1543 1513 1741 1551 nominatae,
1777 1519 1969 1553 quapropter
2003 1516 2031 1544 in

251 1575 423 1613 proverbio
451 1575 584 1605 dicitnr:
627 1576 803 1605 »Veracior
832 1585 920 1614 quam
948 1575 1019 1605 avis
1046 1574 1173 1604 Kallia«
1205 1573 1321 1611 (Meid.
1346 1573 1401 1612 14,
1429 1574 1504 1613 90.)
1534 1578 1565 1603 et
1594 1574 1778 1614 »Celerior‚
1806 1586 1894 1616 quam
1922 1587 2032 1615 sonus,

245 1646 339 1676 quem
370 1637 439 1666 avis
468 1637 573 1667 Katha
603 1638 688 1667 edit«
719 1637 1028 1676 (Meid.12,142.)
1056 1636 1239 1677 agminatim
1267 1636 1386 1664 volant.
1440 1636 1530 1665 Aves
1558 1635 1665 1666 Katha
1695 1637 1875 1677 descriptae
1902 1645 1976 1670 sunt
2002 1641 2030 1669 in

246 1698 505 1730 Chrestomathia
532 1700 571 1730 de
598 1701 750 1741 Sacyaua
777 1702 866 1730 'r.11.
895 1711 924 1740 p.
950 1701 995 1730 26
1015 1709 1083 1738 sqq.
1104 1699 1152 1728 ed.
1170 1709 1216 1738 pr.
1269 1698 1350 1728 Voci
1378 1696 1474 1745 ipis),
1506 1698 1628 1728 varium
1657 1708 1785 1729 sensum
1814 1701 1903 1729 tribui
1931 1710 2030 1739 posse

246 1766 365 1801 putant.
417 1763 620 1794 Scholiastes
647 1764 736 1804 dixit,
765 1773 894 1794 sensum
924 1774 1017 1794 esse·
1045 1764 1112 1794 Eos
1141 1763 1266 1799 retinui,
1294 1762 1396 1792 donec
1419 1766 1703 1802 congregarentur.
1756 1762 1835 1791 Tum
1863 1763 1892 1792 in
1919 1765 2028 1793 incur-

244 1825 334 1855 sione
364 1826 596 1864 repellebantur
621 1831 692 1856 aut
721 1836 777 1855 eos
805 1826 940 1866 retinui,
972 1835 1010 1854 ne
1038 1826 1129 1855 nimis
1157 1825 1347 1854 festinarent
1373 1828 1441 1852 aut
1470 1832 1528 1852 eos
1555 1822 1722 1860 distribui,
1751 1829 1786 1852 ut
1812 1833 1848 1853 se
1876 1824 2030 1864 dispone-

244 1892 314 1917 rent
340 1893 373 1918 et
398 1888 606 1918 incursionem
633 1888 784 1917 facerent.
839 1887 910 1916 noc
936 1886 1098 1927 admisso,
1135 1886 1235 1915 verbo
1260 1897 1330 1934 ξ),
1357 1883 1517 1914 dividendi
1545 1883 1574 1912 in
1602 1885 1726 1924 agmina
1753 1885 1945 1925 significatio
1973 1886 2029 1915 tri-

243 1950 359 1980 buitur.
412 1949 504 1987 Quod
531 1950 726 1980 scholiastes
755 1950 880 1989 equites
909 1949 1014 1990 gentis
1042 1957 1127 1986 suae,
1155 1949 1266 1988 quibus
1294 1947 1357 1977 du'x
1384 1952 1542 1986 praeerat,
1569 1947 1737 1988 intellexit,
1762 1947 1853 1978 huius
1882 1950 1927 1978 rei
1949 1958 2029 1978 cau-

244 2021 310 2041 sam
338 2013 461 2041 nonnisi
489 2013 518 2042 in
545 2022 644 2042 versu
671 2013 814 2052 proxime
841 2016 1008 2050 sequente,
1036 2011 1087 2040 ubi
1114 2011 1213 2040 verbo
1239 2011 1317 2048 Quem
1344 2009 1481 2039 adhibito
1498 2009 1537 2038 de
1554 2009 1672 2049 praeda
1687 2009 1770 2038 facta
1796 2011 1872 2050 agit,
1898 2010 2028 2040 invenit.

245 2067 314 2111 (ΙΙ.
338 2069 471 2109 ala.)
510 2075 577 2104 Sed
603 2077 631 2104 si
658 2075 789 2104 verbum
818 2086 883 2123 fij>
911 2078 943 2102 et
970 2073 1006 2102 de
1033 2071 1197 2102 retinendo
1228 2072 1340 2109 hoste,
1382 2082 1421 2101 ne
1456 2073 1614 2112 incurrat,
1652 2072 1793 2102 adhiberi
1821 2078 1949 2114 potest,
1987 2074 2027 2103 nil

244 2137 397 2177 impedire
437 2136 585 2176 videtur,
624 2139 790 2176 quominus
818 2145 935 2165 versus
963 2134 1146 2176 significet,
1183 2144 1254 2164 eum
1283 2135 1462 2164 fortitudine
1494 2145 1551 2165 sua
1580 2136 1720 2165 hostium
1748 2135 1872 2173 equites
1900 2136 2027 2165 territos

246 2199 470 2239 prohibuisse,
509 2208 548 2227 ne
586 2199 614 2227 in
647 2207 736 2227 suam
767 2203 893 2239 gentem
921 2198 1085 2227 irruerent.
1139 2197 1172 2225 In
1208 2197 1388 2236 posteriore
1422 2202 1512 2236 parte
1542 2198 1679 2235 equitum
1707 2206 1821 2236 agmen
1847 2206 1918 2226 cum
1947 2198 2028 2227 nube

246 2266 453 2299 comparavit.
506 2260 561 2290 Sic
588 2260 680 2289 Ham.
709 2270 738 2298 p.
764 2260 801 2289 l‘t‘t
830 2270 861 2288 v.
882 2260 910 2289 1.
941 2263 1035 2298 poeta
1062 2259 1235 2288 exercitum
1260 2268 1331 2288 cum
1359 2259 1442 2288 nube
1470 2262 1679 2300 comparavit,
1708 2260 1798 2289 cuius
1825 2260 1926 2289 media
1953 2269 2026 2298 pars

243 2326 400 2364 sanguine
427 2327 540 2352 manat.
593 2322 637 2352 Ut
663 2323 691 2351 in
718 2327 829 2351 nostro
857 2332 954 2351 versu
983 2321 1055 2351 huic
1081 2321 1154 2350 nubi
1181 2321 1291 2360 pluvia
1317 2320 1517 2361 adscribitur,
1546 2322 1591 2351 sic
1618 2331 1744 2361 quoque
1767 2323 1910 2351 inversu
1927 2322 2025 2361 primo

245 2385 338 2414 Ham.
370 2394 399 2423 p.
425 2386 465 2413 ΗΛ
493 2384 583 2414 simili
611 2383 715 2423 modo,
743 2392 803 2421 quo
831 2388 937 2411 noster
965 2383 995 2412 in
1021 2383 1083 2413 ista
1111 2384 1219 2423 pluvia
1246 2388 1376 2412 mortem
1405 2384 1441 2422 (i.
1460 2395 1488 2414 e.
1505 2385 1615 2414 mortis
1645 2385 1750 2423 arma)
1776 2383 1945 2423 splendere
1976 2383 2025 2412 di-

244 2448 299 2478 xit.
339 2447 443 2477 Poeta
469 2456 624 2476 armorum
660 2445 860 2485 splendorem
888 2453 957 2473 cum
990 2444 1116 2484 fulgure
1141 2445 1231 2475 nubis
1257 2444 1350 2473 Ham.
1378 2454 1407 2483 p.
1438 2447 1474 2475 lv‘l
1501 2456 1533 2474 v.
1563 2446 1591 2475 1.
1628 2446 1758 2475 contulit
1787 2443 1900 2488 (conf.
1931 2455 1958 2483 p.
1988 2445 2024 2474 ΓΗ

242 2519 273 2539 ν.
302 2509 334 2540 3.
362 2510 399 2538 ἱὛὶ
428 2520 458 2541 v¹
486 2510 545 2547 2.).
599 2510 672 2538 'Non
710 2514 812 2538 autem
841 2508 1033 2537 scholiastes
1062 2507 1263 2547 comparandi
1292 2508 1413 2538 modum
1441 2514 1529 2539 recte
1556 2509 1754 2538 intellexisse
1787 2507 1935 2546 videtur,
1973 2510 2024 2548 qui

242 2572 374 2612 equites,
402 2581 532 2610 quorum
563 2581 643 2601 unus
669 2571 801 2601 alterum
828 2574 990 2609 sequatur,
1019 2580 1089 2600 cum
1116 2570 1243 2609 pluviae
1270 2572 1371 2610 guttis
1399 2572 1571 2610 comparari
1589 2571 1711 2601 statuit.
1764 2570 1805 2599 Ni
1834 2569 1936 2608 fallor,
1963 2571 2025 2601 tela

302 2636 313 2648 0
