2247 2865
991 99 1258 129 -462—

230 202 323 240 pauci
348 203 466 230 tantum
493 198 624 238 sepeliri
652 203 798 237 possent.
852 198 963 228 Voces
989 202 1092 235 Q>
1119 199 1181 237 &²3
1210 199 1248 228 ab
1276 198 1432 228 Homaido
1453 198 1579 229 occisos
1603 198 1794 240 significant.
1848 200 2021 231 Adiectiva

231 261 305 306 ⁸555
334 267 367 291 et
391 259 463 290 Μ
488 272 566 292 casu
592 271 663 292 cum
691 261 834 291 subiecto
862 262 924 300 gu&
952 266 1152 302 congruunt,
1192 270 1382 300 quamquam
1417 270 1518 290 sensu
1545 270 1617 290 cum
1643 262 1852 301 sequentibus
1881 259 2022 304 ¹44>b³0

230 330 263 354 et
290 322 389 365 Q)
417 325 591 356 cohaerent
618 323 708 368 (con
719 325 739 353 Γ,
770 323 880 355 Gram.
909 324 965 353 Ar.
994 324 1031 353 Τ.
1060 324 1097 354 11.
1125 333 1155 362 p.
1183 322 1254 352 270
1282 323 1360 362 sq.).
1414 323 1616 353 Scholiastes
1643 327 1752 353 autem
1779 324 1869 362 dixit,
1899 329 2022 364 poetam

230 387 413 427 significare
448 398 509 417 non
544 389 689 417 voluisse
731 396 877 426 paucOS,
910 385 969 416 sed
1006 385 1110 425 potius
1146 385 1302 415 neminem
1337 386 1496 425 sepultum
1531 396 1606 416 esse
1633 386 1691 424 (ob
1718 387 1857 416 celerem
1885 387 2024 430 fugam),

230 449 343 479 eodem
370 450 473 489 modo,
501 459 563 490 quo
598 454 691 489 poeta
718 450 748 479 in
781 454 935 488 sequente
961 458 1060 478 versu
1090 457 1200 477 vocem
1235 446 1306 486 &aab
1341 448 1535 482 adhibuerit:
1576 450 1686 487 (metr.
1714 449 1857 488 Tbawil)
1885 449 2025 480 Pauca

235 512 272 552 (i.
300 522 329 542 e.
356 513 524 551 nulla)i11
551 513 678 542 dorso
706 513 883 542 iumenti
910 512 1050 542 umbra
1079 512 1171 541 eius
1199 515 1306 552 erat,
1333 511 1418 540 nisi
1453 511 1492 542 id
1527 511 1632 550 quod
1666 512 1726 550 (se.
1755 511 1834 541 solis
1862 511 2026 551 ardorem)

233 574 406 613 pallium
433 575 632 605 striatum
660 576 706 605 ab
735 584 779 604 eo
808 576 1003 605 removit.

229 695 261 724 4.
283 695 352 725 Nos
375 706 445 726 vero
469 700 499 726 et
518 706 599 734 qens
623 697 698 726 Call>
722 699 824 726 instat·
846 707 997 726 munuum
1026 699 1161 727 duur-um
1192 708 1319 732 sitinus,
1353 707 1486 735 quarum
1515 698 1545 725 si
1572 697 1703 724 sinistra
1733 697 1766 723 in
1791 695 1910 733 proelio
1932 695 2023 730 cadit,

902 753 1035 781 ‹lestera
1057 756 1087 782 ei
1107 754 1265 782 auxilium
1286 754 1359 790 fert.

330 832 492 863 Summum
520 835 600 863 iuter
629 838 795 872 utramque
823 838 950 874 gentem
978 844 1171 864 consensum
1202 845 1278 864 esse
1306 834 1403 872 dicit,
1444 836 1476 863 ut
1506 842 1575 862 cum
1604 832 1768 872 manibus,
1807 841 1938 870 quarum
1966 841 2028 862 una

231 895 323 925 alteri
349 894 433 924 haud
461 896 620 925 contraria
647 896 708 935 sit,
736 897 911 935 comparari
939 898 1074 936 possint.
1136 898 1231 927 Hunc
1259 898 1351 927 vocis
1380 902 1426 932 oq
1453 893 1594 938 (manus)
1625 905 1718 924 usum
1746 904 1786 925 ex
1812 895 1922 924 verbis
1949 895 2026 924 Mo-

233 959 424 990 hammedis:
455 960 628 989 »Minimus
657 969 765 989 eorum
795 960 943 989 celeriter
970 960 1148 991 clientelam
1178 970 1285 990 eorum
1321 960 1426 990 adfert
1459 964 1492 988 et
1528 954 1652 988 contra
1675 957 1754 987 alios
1791 966 1900 987 manus
1929 961 2026 986 sunt«

225 1023 270 1061 (i.
298 1032 326 1052 e.
356 1023 614 1061 consentientes)
643 1022 813 1052 traditione
840 1022 879 1051 ad
907 1032 966 1052 nos
993 1023 1110 1052 delatis
1140 1023 1334 1053 scholiastes
1363 1022 1521 1062 probavit.

335 1085 614 1125 Abu-Rijascbus
642 1086 680 1115 ad
709 1095 826 1115 versus
856 1085 1059 1115 illustrandos
1087 1086 1256 1124 sequentia
1284 1085 1410 1116 adtulit:
1439 1086 1594 1123 Tempore
1623 1083 1804 1112 rebellionis
1833 1081 2027 1111 Ebu-Also-

239 1152 330 1192 bairi,
361 1161 451 1191 quum
477 1150 766 1180 Abbd-Almalicus
793 1151 823 1182 b.
851 1151 996 1179 Mei-wan
1013 1151 1039 1188 ¹)
1074 1154 1187 1179 contra
1222 1148 1416 1178 Mozahbum
1443 1148 1472 1176 b.
1502 1132 1652 1176 A⁴lsobair
1680 1146 1778 1184 (anno
1808 1146 1853 1176 72
1884 1145 2027 1175 occisum

241 1219 419 1255 pugnaret,
454 1223 536 1255 gens
572 1213 650 1242 Kais
690 1213 788 1251 partis
828 1212 953 1242 Sobairi
998 1216 1077 1241 erat.
1139 1212 1273 1241 Sofarus
1304 1211 1331 1241 b.
1360 1210 1504 1240 Alliarits
1544 1209 1682 1239 Cilabita
1718 1214 1750 1237 et
1789 1208 1960 1238 Ohmairus
1996 1208 2026 1238 b.

236 1277 382 1307 Albobab
409 1277 565 1307 Solamita
591 1278 621 1306 in
649 1281 777 1316 gentem
808 1276 887 1306 Calb
915 1276 1129 1306 incursionem
1159 1276 1305 1305 hostilem
1342 1275 1506 1313 fecerant,
1546 1282 1607 1312 quo
1644 1272 1761 1302 factum
1800 1275 1867 1309 est,
1905 1276 1940 1302 ut
1976 1270 2030 1301 filii

224 1350 370 1371 Juxorum
400 1350 417 1369 e
445 1343 541 1381 gente
568 1340 647 1370 Kais
675 1339 888 1379 oriundarum,
916 1348 995 1378 quas
1023 1339 1233 1377 imperatores
1263 1337 1450 1377 Omajjadae
1479 1338 1509 1367 in
1537 1337 1768 1367 matrimonium
1796 1336 1965 1376 duxerant,
1993 1335 2031 1366 de

236 1414 330 1444 noxa,
359 1414 419 1443 qua
447 1413 527 1444 gens
554 1403 633 1432 Kais
662 1408 789 1443 gentem
814 1402 892 1432 Call)
920 1402 1000 1431 domi
1027 1401 1168 1440 forisque
1197 1401 1379 1441 adflixerat,
1409 1406 1520 1430 contra
1545 1401 1627 1429 lilios
1650 1410 1783 1430 uxorum
1805 1400 2028 1430 Calbiticarum

241 1463 306 1503 (13⁶.
330 1460 458 1502 26¹.)
489 1465 712 1506 gloriarentur.
767 1464 858 1502 Quae
896 1474 948 1493 res
987 1474 1085 1493 causa
1120 1469 1208 1501 erat,
1245 1473 1300 1492 cur
1338 1463 1501 1493 Chaledus
1544 1463 1571 1492 b.
1610 1462 1694 1492 lasid
1729 1463 1756 1493 b.
1786 1461 1984 1500 Moahwijah
1998 1464 2028 1499 ²)

237 1530 371 1560 Calhitis
400 1529 541 1558 diceret:
583 1528 618 1557 Si
648 1529 720 1567 quis
748 1528 796 1556 vir
825 1529 925 1556 bonus
954 1529 983 1556 in
1012 1536 1156 1565 campum
1187 1525 1294 1566 gentis
1325 1525 1415 1554 Kaisi
1442 1525 1656 1554 incursionem
1685 1524 1831 1553 facturus
1857 1529 1928 1563 est,
1966 1533 2029 1563 ego

236 1592 396 1632 efficiam,
440 1596 472 1621 ut
508 1592 678 1630 imperator
715 1591 743 1620 ei
778 1591 956 1619 contrarius
985 1599 1045 1618 non
1073 1590 1135 1627 sit3
1180 1588 1234 1617 filii
1265 1589 1346 1617 enim
1374 1597 1505 1617 uxorum
1534 1587 1757 1616 Kaisiticarum
1783 1586 1960 1626 gloriantes
1989 1585 2028 1615 de

236 1655 354 1694 rebus,
390 1655 502 1692 quibus
541 1659 685 1692 tempore
724 1653 898 1693 paganismi
936 1656 967 1681 et
994 1651 1101 1680 Islami
1129 1660 1186 1679 nos
1215 1650 1254 1679 de
1282 1651 1456 1689 improviso
1485 1651 1676 1684 obruerant,
1707 1658 1765 1677 nos
1791 1648 2031 1687 oppresserunt.

237 1715 418 1746 Homaidus
444 1716 549 1756 igitur,
579 1715 661 1745 filius
690 1714 868 1755 Baglnlali,
909 1713 1087 1743 avunculus
1114 1712 1208 1742 Iasidi
1237 1713 1263 1742 b.
1296 1712 1516 1751 Moabwijab,
1557 1721 1591 1741 se
1618 1711 1657 1740 ad
1687 1721 1749 1740 rem
1779 1715 1923 1749 paratum
1954 1719 2030 1740 esse

237 1778 327 1810 dixit.
382 1779 518 1817 Scripsit
546 1779 643 1818 igilur
672 1778 826 1808 Chaliilus
855 1783 929 1816 post
957 1776 1088 1806 caedem
1118 1775 1354 1804 Ebn-Sobairi
1388 1773 1542 1804 llomaido
1579 1772 1777 1813 mandatum,
1817 1777 1851 1801 ut
1886 1773 2032 1802 tributum

235 1841 273 1870 ab
301 1841 462 1870 Arabibus
493 1841 740 1879 cainpestrilnss,
770 1840 883 1878 quibus
912 1844 1118 1879 occurreret,
1158 1838 1330 1878 colligeret.
1394 1837 1474 1867 Cum
1512 1836 1637 1876 agmine
1674 1844 1774 1874 parvo
1811 1835 1918 1875 gentis
1952 1844 2031 1867 suae

237 1903 400 1942 profectus
418 1912 488 1933 cum
507 1903 633 1932 familiis
658 1902 885 1931 Ahbd-Wadd
903 1907 933 1930 et
950 1901 1074 1930 Oblaim
1097 1902 1126 1929 in
1154 1899 1284 1930 meridie
1312 1899 1452 1928 locorum
1480 1898 1598 1927 Dumat
1627 1901 1660 1926 et
1688 1896 1791 1926 Chabt
1816 1895 2031 1925 habitantibus

237 1965 352 1995 foedus
390 1971 502 1995 contra
539 1972 667 2005 gentem
705 1966 784 1995 Kais
823 1965 947 2005 pepigit
977 1973 1100 2002 easque
1129 1963 1168 1992 de
1196 1962 1304 2001 rebus,
1334 1970 1416 2000 quae
1444 1960 1504 1998 ipsi
1532 1969 1602 1989 cum
1631 1958 1774 1988 Chaledo
1802 1964 2032 1996 convenerant,

239 2028 391 2057 certiores
419 2027 504 2057 fecit.
556 2029 675 2065 Magno
705 2030 833 2067 agmine
861 2031 1063 2067 congregato
1091 2026 1222 2064 primum
1255 2023 1285 2051 in
1312 2023 1455 2052 homines
1484 2031 1501 2051 e
1528 2026 1626 2062 gente
1654 2020 1816 2061 Fesarah,
1852 2020 1903 2059 qui
1929 2021 2033 2059 pabu-

239 2090 336 2119 latum
370 2098 407 2118 se
435 2089 675 2130 disperserant,
718 2090 836 2119 incidit.
898 2090 1023 2119 Primus
1051 2096 1180 2124 eorum,
1218 2094 1294 2124 quos
1322 2084 1460 2124 invenit,
1497 2083 1613 2113 Saidus
1649 2084 1678 2112 b.
1707 2082 1863 2122 Objainab
1891 2083 1919 2112 b.
1948 2083 2033 2112 Hizn

243 2154 271 2182 b.
300 2152 479 2182 Hodsaisah
507 2152 534 2181 b.
564 2152 658 2191 Badr,
685 2162 803 2182 servae
829 2152 926 2190 filius,
954 2152 1003 2180 vir
1030 2149 1148 2189 probus
1178 2154 1259 2189 erat,
1287 2148 1348 2187 qui,
1380 2157 1472 2186 quum
1502 2156 1583 2187 gens
1606 2145 1690 2175 Badr
1709 2155 1782 2174 eum
1800 2146 2031 2179 recusavisset,

212 2222 373 2244 Juxorem
402 2224 420 2243 e
448 2219 545 2254 gente
581 2213 701 2242 Baulan
737 2214 775 2243 ad
811 2218 939 2254 gentem
977 2213 1080 2251 Thai,
1119 2220 1200 2250 quae
1234 2210 1315 2240 duos
1349 2215 1473 2239 montes
1508 2207 1608 2252 (Adja
1643 2213 1675 2238 et
1703 2204 1828 2249 Salma)
1861 2207 2030 2246 incolebat,

262 2321 287 2351 1)
307 2322 335 2344 ln
355 2322 449 2351 oppido
469 2321 575 2344 Medinat
603 2325 681 2344 natus
705 2323 800 2345 aetatis
826 2329 897 2346 anuo
923 2323 1024 2346 decimo
1048 2326 1124 2345 sexto
1147 2328 1163 2344 a
1188 2317 1371 2349 Moahwijaho
1397 2318 1504 2342 senatui
1529 2317 1615 2346 oppidi
1642 2317 1767 2344 (Diwan)
1789 2314 1955 2345 praepositus
1975 2318 2031 2341 esu

308 2369 400 2395 postea
421 2366 510 2395 oppidi
530 2364 631 2396 Hadjar
650 2366 800 2396 praefectus
818 2373 927 2389 creatus
947 2367 987 2390 ius
1006 2367 1032 2390 in
1052 2366 1189 2395 imperium
1209 2363 1366 2388 succedendi
1384 2370 1400 2387 a
1419 2368 1495 2393 patre
1518 2363 1643 2386 obtinuit.
1689 2363 1766 2384 Anno
1786 2361 1820 2384 65
1839 2360 1865 2383 in
1891 2359 2030 2388 imperium

307 2414 454 2442 successit,
481 2413 525 2436 sed
554 2415 645 2437 eodem
668 2416 787 2444 tempore
805 2414 838 2436 ab
863 2413 924 2436 aliis
953 2413 1175 2436 Ebu-sobrinus
1203 2411 1348 2440 imperator
1372 2414 1479 2433 creatus
1498 2414 1549 2433 est.
1591 2407 1840 2432 Alibd-Almalicus
1859 2412 1930 2429 anno
1949 2407 1985 2429 86
2005 2406 2031 2429 in

307 2467 371 2490 urbe
390 2467 522 2489 Damasco
541 2470 629 2490 aetate
649 2468 684 2490 632
702 2473 832 2489 annorum
851 2466 915 2489 diem
936 2467 998 2489 obiit
1017 2466 1102 2488 conf.
1122 2465 1182 2488 libr.
1202 2456 1289 2490 [ΜἮ
1318 2453 1441 2498 ,ῥῇᾁῴ
1470 2470 1498 2498 p.
1527 2460 1597 2489 W‘lv.

257 2521 286 2550 2)
307 2521 356 2544 Vir
374 2520 496 2543 doctrina
514 2521 580 2543 inter
600 2520 783 2544 Koraiscbitas
804 2520 908 2543 celeber
926 2525 996 2543 anno
1016 2520 1051 2544 85
1070 2520 1136 2543 «lieni
1156 2520 1219 2543 obiit
1239 2520 1309 2542 conf.
1331 2519 1519 2543 Ebu-Cliallic.
1541 2520 1592 2542 No.
1611 2519 1674 2542 211.
1711 2518 1762 2541 Sed
1787 2517 1810 2540 in
1839 2517 1929 2540 Abulf.
1963 2518 2031 2540 Ann.

309 2575 339 2597 Τ.
359 2575 377 2598 1.
397 2582 421 2605 p.
439 2575 494 2598 424
513 2581 598 2598 annus
617 2575 663 2605 52,
685 2575 709 2598 in
729 2575 838 2599 scholiis
856 2575 889 2598 ad
909 2580 1014 2598 carmen
1027 2574 1223 2598 Ebu-Ahbduni
1242 2580 1329 2597 annus
1349 2574 1381 2596 Sl
1400 2574 1542 2596 adnotatus
1554 2576 1601 2596 est.
1620 2571 1729 2601 confip.
1749 2568 1806 2596 ΙΛΛ.
