2247 2865
969 107 1013 113 —
1067 90 1133 120 491
1204 107 1234 113 --

205 191 330 223 dierint.
384 191 495 231 Campi
523 196 629 221 autem
657 190 741 220 illius
770 189 960 219 mentionem
990 189 1107 220 secisse
1135 189 1279 228 videtur,
1309 189 1390 229 quod
1417 190 1456 220 ibi
1485 192 1765 233 conspicerentur,
1800 199 1831 223 et
1862 194 1990 233 impetui

203 256 341 294 expositi
370 260 492 284 essent.

201 327 233 357 5.
255 326 294 356 Si
314 327 434 364 tmynla
454 328 631 363 praeditum
657 326 778 354 animal
797 329 891 354 antea
914 325 1058 356 volasset.
1084 327 1112 353 is
1136 325 1289 361 colasset,-
1312 325 1369 353 sed
1387 322 1471 362 (tale
1494 324 1635 364 aniuml)
1659 335 1818 364 mmqnam
1840 330 1961 359 volavit.

301 396 351 425 Ad
379 394 625 425 describendum
653 404 768 433 equum
796 394 921 424 rediens
950 395 1148 424 celeritatem
1177 394 1245 423 eius
1275 402 1342 423 cuin
1373 393 1540 423 celeritate
1567 395 1638 423 avis
1666 398 1875 434 comparavit.
1903 399 1989 430 Talis

203 457 272 487 eius
299 457 358 487 fuit
387 457 546 494 celeritas,
574 460 606 486 ut
633 457 838 495 conspiciens
866 466 937 486 eum
965 456 1075 485 votare
1104 460 1264 495 putasset,
1293 455 1320 484 si
1349 455 1411 484 tale
1439 455 1552 485 animal
1579 456 1689 486 volare
1719 463 1842 497 posset.

202 554 235 583 6.
257 554 330 583 ,Yon
352 557 453 582 andem
472 554 560 592 falco
582 556 613 582 in
638 553 776 590 specula,
802 553 905 581 alacri
927 554 1019 581 corde
1042 557 1073 581 et
1095 554 1163 581 acri
1186 553 1272 581 vultu
1292 553 1466 589 praeditus,

300 623 425 662 Equum
453 632 522 652 cum
551 622 685 662 falcono,
715 631 775 652 avc
802 623 966 651 celerrime
993 622 1123 652 volante
1149 621 1356 660 comparavit.
1416 621 1481 651 Sed
1510 627 1543 651 ut
1571 623 1640 652 eins
1669 624 1860 656 celeritatem
1888 629 1991 657 maxi-

202 694 283 715 mam
310 694 386 714 esse
414 684 577 724 indicaret,
608 686 698 724 plura
725 685 852 715 addidit.
907 685 1003 715 Falco
1031 685 1060 714 in
1085 684 1219 723 specula
1245 683 1362 713 sedens
1391 695 1407 712 e
1427 686 1530 723 spatio
1551 686 1734 727 longinquo,
1761 698 1851 727 quem
1870 691 1992 721 nonnisi

201 747 267 777 acri
290 747 383 777 vultu
411 757 541 777 cernere
569 752 688 788 potest,
716 749 855 787 leporem
882 748 1047 788 conspicit.
1102 746 1210 776 Alacri
1238 751 1341 776 autem
1370 756 1463 785 quum
1495 748 1590 777 corde
1617 750 1671 788 sit,
1702 759 1739 779 eo
1768 751 1860 789 potiri
1887 755 1991 792 cupit3

201 809 271 847 scd,
298 814 332 839 ut
357 819 426 839 euin
455 815 659 848 assequatur,
689 819 783 848 quum
815 812 857 840 sit
886 811 981 851 longe
1009 813 1170 848 remotus,
1207 819 1331 838 summa
1360 810 1510 840 celeritas
1538 813 1722 842 necessaria
1756 819 1815 843 est.
1881 816 1991 854 Lepus

201 881 323 911 quoque
352 872 550 902 celerrimum
581 873 691 902 animal
720 878 779 902 est.
841 874 982 903 Similem
1011 871 1211 910 comparandi
1240 870 1367 900 modum
1397 872 1477 902 llam
1518 874 1551 904 P.
1584 874 1607 904 Ι.
1636 884 1665 913 p.
1700 875 1775 905 168.
1803 877 1992 909 invenimus.

201 968 228 997 7.
255 967 319 1005 Qui
339 968 474 1006 leporem
497 972 529 998 in
553 979 661 1007 campo
685 974 886 1007 apparentem
911 972 1086 1007 conspemit.
1111 973 1177 998 tum
1199 972 1231 998 in
1255 972 1433 1000 interiorem
1455 971 1576 1008 sylvam
1600 973 1775 1001 tendentem
1795 979 1995 1010 praevertere

1033 1025 1163 1057 stmluit,

313 1090 435 1130 Lepus,
461 1101 554 1130 quum
582 1092 736 1122 falconem
765 1094 911 1128 sentiret,
941 1102 1066 1122 summa
1092 1102 1164 1123 cum
1193 1093 1358 1122 celeritate
1382 1103 1400 1122 e
1426 1102 1537 1132 campo
1565 1094 1594 1123 in
1620 1095 1759 1136 sylvam,
1786 1098 1835 1127 ubi
1861 1108 1995 1131 securus

202 1156 304 1193 esset,
332 1152 477 1184 tetendit.
531 1154 622 1184 Hanc
650 1154 688 1183 ob
717 1163 848 1184 causam
879 1155 958 1184 sateo
986 1164 1058 1184 eum
1088 1155 1252 1185 celeritate
1280 1160 1487 1194 praevertere
1514 1156 1634 1186 studet.

202 1250 234 1279 8.
259 1249 399 1280 Celerim·
423 1252 482 1278 isto
507 1247 629 1290 (equa)
653 1254 709 1279 aut
729 1254 855 1287 suqilta,
881 1261 975 1289 quam
999 1251 1118 1280 chorda
1142 1252 1238 1280 celeri
1257 1255 1341 1281 motu
1363 1253 1503 1289 impellit.

301 1319 437 1358 Aquilae
465 1320 617 1350 celeritas
648 1321 676 1349 in
705 1321 907 1359 proverbium
935 1321 1023 1350 venit
1049 1318 1169 1363 (conf.
1199 1320 1338 1351 Meidan.
1367 1322 1404 1352 C.
1437 1322 1492 1361 16,
1521 1322 1578 1353 63.
1607 1325 1710 1354 conf.
1739 1327 1871 1357 Hamas.
1900 1339 1929 1368 p.
1958 1332 1992 1360 Μ

202 1390 233 1409 v.
263 1381 295 1410 4.
323 1385 355 1410 et
382 1381 496 1410 Diwan
526 1381 754 1412 Antru-l’Kais.
785 1392 813 1421 p,
839 1384 865 1412 Ν·
893 1382 924 1413 3.
956 1381 999 1412 13
1027 1388 1059 1412 et
1090 1384 1157 1423 14,
1196 1383 1246 1422 qui
1284 1385 1516 1423 comparatione
1545 1390 1653 1415 nostro
1680 1388 1791 1417 similis
1820 1390 1907 1420 locus
1933 1397 1993 1423 est,

203 1444 263 1473 nic
298 1453 414 1473 versus
452 1453 518 1473 cunt
558 1451 653 1474 sexto
692 1445 854 1477 cohaeret.
917 1445 991 1475 Vox
1027 1451 1107 1494 fij«
1144 1445 1226 1475 levis
1263 1446 1385 1485 sagitta
1414 1456 1488 1476 esse
1514 1446 1651 1485 dicitur,
1680 1459 1738 1487 qna
1765 1453 1795 1480 in
1823 1454 1995 1485 certamine

201 1511 339 1537 utuntur.
393 1506 467 1536 lude
499 1508 622 1537 dicunt:
662 1513 752 1557 &³⁴³
779 1505 803 1536 εδ
830 1506 952 1555 &cestii
996 1507 1149 1538 »Certavi
1185 1516 1256 1536 cum
1293 1517 1330 1536 eo
1363 1509 1504 1548 sagittae
1542 1509 1644 1540 iactu«
1684 1516 1716 1540 et
1753 1513 1863 1544 eodem
1896 1525 1995 1547 sensu

200 1571 295 1617 ⁹⁶5³
325 1570 575 1610 (Corrigendutn
604 1577 653 1600 est
694 1572 817 1600 lexicon
854 1571 986 1609 meum).
1052 1571 1175 1601 Vocem
1215 1570 1380 1609 explicans
1417 1571 1610 1602 scholiastes
1651 1576 1872 1618 proverbium,
1913 1580 1995 1618 quod

204 1645 340 1676 bleidan.
370 1645 408 1675 C.
442 1645 495 1683 18,
525 1644 581 1674 63.
610 1645 736 1685 legitur,
767 1646 942 1676 adnotavit.
998 1647 1086 1676 Loco
1114 1646 1207 1675 vocis
1221 1646 1355 1689 &fiin
1370 1646 1527 1675 Mei-sumi
1551 1648 1661 1677 codice.
1677 1639 1761 1692 όζὸῖ,
1776 1651 1994 1694 (commovet)

202 1708 328 1748 legitur.
381 1707 459 1736 Eius
488 1712 592 1736 motus
621 1715 822 1746 compat-atur
860 1718 929 1737 cum
966 1714 1052 1738 motu
1089 1709 1218 1749 cameli,
1261 1710 1311 1747 qui
1348 1719 1479 1739 currens
1517 1711 1598 1741 duos
1631 1713 1724 1743 simul
1763 1716 1862 1754 pedes
1903 1719 1993 1750 tollit.

201 1770 455 1809 Comparationis
483 1780 583 1800 cansa
611 1780 724 1800 vocem
753 1771 834 1813 005)
863 1777 956 1810 poeta
984 1772 1133 1802 adhibuit.
1189 1773 1297 1801 Motus
1325 1772 1396 1812 itte,
1432 1773 1481 1811 qui
1513 1776 1638 1813 proprie
1665 1776 1803 1808 chordae
1831 1783 1994 1823 convenit,

201 1832 342 1872 sagittae
370 1841 388 1861 a
415 1837 510 1871 poeta
537 1833 672 1862 tributus
701 1837 758 1862 est.
812 1834 845 1862 In
871 1834 990 1863 chorda
1019 1839 1125 1863 autem
1153 1843 1253 1863 causa
1281 1839 1385 1863 motus
1423 1836 1559 1874 sagittae
1589 1843 1650 1867 est.
1702 1840 1817 1870 Similis
1849 1842 1995 1883 loquendi

204 1893 313 1924 {nodus
338 1896 368 1923 in
397 1895 505 1924 verbis
541 1895 628 1924 hisce
662 1897 816 1925 cernitur:
856 1897 930 1925 Non
966 1896 1118 1925 continuit
1154 1895 1258 1925 funem
1296 1895 1396 1934 ipsius
1434 1897 1550 1936 ungula
1579 1896 1721 1941 (ujjl>)3
1761 1904 1880 1943 ungula
1916 1906 1995 1936 enim

204 1956 307 1986 funem
335 1965 395 1985 non
423 1957 548 1986 retinet.
603 1958 668 1987 Sed
696 1959 733 1987 atl
762 1960 894 1988 verbum
923 1968 1047 1998 quoque
1076 1968 1128 1987 res
1153 1957 1287 1998 intelligi
1317 1962 1443 1996 potest,
1482 1962 1512 1987 ut
1554 1963 1695 2000 sagittae
1734 1968 1838 1994 motus
1867 1966 1909 1996 illi
1935 1969 1994 1997 tri-

205 2019 339 2058 buatur,
381 2018 453 2048 dum
491 2018 608 2048 chorda
638 2022 729 2058 quasi
756 2021 893 2050 vehitur.
953 2021 1092 2050 Verbum
1124 2019 1206 2064 ..y-25)
1233 2018 1419 2060 significat,
1461 2021 1597 2059 equitem
1625 2023 1737 2061 pedem
1768 2035 1920 2068 movere,
1960 2034 1995 2058 ut

204 2089 318 2119 equum
345 2080 384 2110 ad
411 2089 536 2110 cursum
566 2080 684 2121 adigat.
748 2081 837 2118 Quae
867 2092 918 2112 res
949 2083 976 2112 si
1014 2083 1056 2111 ita
1084 2087 1152 2121 est,
1183 2081 1305 2121 sagitta
1332 2079 1483 2111 chordam
1509 2083 1597 2120 quasi
1625 2083 1777 2125 instigat,
1807 2096 1994 2128 quamquam

205 2140 324 2171 chorda
351 2151 385 2171 re
414 2151 490 2171 vera
517 2143 667 2182 sagittam
696 2144 834 2182 impellit.

969 2237 1230 2271 CLXXXI.

380 2289 515 2323 Dixit
541 2290 656 2324 §aid
681 2291 950 2325 ,uranus-is
975 2292 1019 2324 Ι».
1048 2290 1243 2323 llozaiu
1267 2291 1310 2324 Ι».
1338 2291 1528 2325 nhil-an·
1556 2293 1821 2327 ”habbitu-

206 2357 307 2402 (Aute
335 2361 478 2391 {stannum
509 2372 637 2392 carmen
665 2365 873 2403 compositum
903 2363 1041 2400 videtur,
1069 2372 1162 2401 quum
1190 2363 1250 2402 vir,
1278 2371 1369 2401 quem
1398 2363 1447 2393 hic
1470 2364 1649 2401 occideret,
1687 2374 1743 2403 per
1769 2365 1851 2395 idola
1877 2367 1994 2399 iuraret

848 2425 954 2455 conf.
984 2426 1086 2455 llam.
1115 2435 1144 2466 p.
1174 2427 1214 2454 ΙΆ·
1242 2425 1260 2454 Ι.
1286 2425 1338 2464 5.)

1122 2472 1137 2489 γ

204 2492 234 2521 1.
257 2492 465 2523 Ebu-Ausus
488 2497 612 2525 iurarit.
637 2505 672 2524 se
692 2496 875 2525 mulieribus
897 2507 945 2526 me
967 2498 1158 2526 traditurum
1181 2507 1260 2530 esse,
1286 2506 1366 2535 quae
1387 2496 1543 2524 rutabulis
1565 2497 1684 2525 sunites
1707 2500 1790 2527 sunl.

205 2555 277 2597 (1)-
300 2557 427 2599 279.)
481 2563 749 2603 Abu-Rijascttus
779 2563 823 2606 (p.
852 2566 893 2594 t'v‘l
921 2565 1010 2604 infr.)
1038 2567 1208 2596 verborum
1236 2575 1367 2595 causam
1397 2566 1492 2594 talem
1520 2565 1619 2594 fuisse
1647 2565 1822 2596 adnotavit.
1875 2568 1993 2599 Saidus
