2247 2865
1000 77 1272 107 —286—

228 182 301 216 est,
337 176 390 217 qui
415 177 455 207 ab
483 186 546 207 uno
573 179 674 208 amico
702 176 810 207 statim
837 175 878 207 ad
904 184 1025 206 novum
1051 175 1348 218 transgrediuntur,
1383 176 1436 216 qui
1461 178 1493 207 in
1519 175 1658 207 amicitia
1683 175 1832 208 fiduciam
1854 183 2025 218 ponentem

227 239 360 281 perfidia
386 240 557 280 decipiunt.
609 239 760 271 Amicitia
787 248 858 269 cum
896 237 970 268 fune
997 243 1200 278 comparatur
1236 237 1352 270 conf.
1373 239 1482 269 Ham.
1508 239 1562 268 04⁸
1587 248 1619 268 v.
1649 238 1681 268 2.
1710 237 1743 268 3.
1797 238 1862 277 Qui
1885 239 1915 270 si
1939 250 2026 271 rum-

227 302 324 345 pitur,
350 303 491 333 amicitia
518 307 672 334 constans
700 311 762 331 non
787 305 850 330 est.
904 300 1052 330 Hominis
1078 300 1262 330 mutabilem
1289 302 1428 330 animum
1467 299 1696 341 diversamque
1731 301 1848 343 agendi
1874 304 2028 333 rationem

227 373 300 395 cum
325 365 486 395 coloribus
512 367 705 403 comparant.
757 361 819 392 Sic
844 361 876 391 in
902 365 1014 391 nostro
1044 370 1146 391 versu
1172 361 1267 392 homo
1295 362 1418 393 duobus
1456 362 1615 393 coloribus
1653 364 1820 403 praeditus
1848 365 2028 405 appellatus

228 432 298 468 θεῖς
326 427 438 458 Caahb
455 428 485 458 b.
506 426 621 456 Sohair
635 430 743 455 autem
769 422 952 453 mutabilem
978 423 1117 453 animum
1145 432 1215 453 cum
1242 424 1384 455 diversis
1411 425 1572 456 coloribus
1599 431 1633 456 et
1657 427 1782 467 formis,
1809 428 1924 468 quibus
1949 427 2030 458 dae-

228 499 340 521 mones
359 489 534 520 hominibus
562 498 599 517 se
627 486 810 525 ostendunt,
837 485 1036 525 comparavit
1062 485 1183 524 (conf.
1212 486 1359 517 Carmen.
1381 487 1413 517 in
1438 487 1567 519 laudem
1596 489 1738 521 Moham.
1765 490 1886 521 dictum
1911 500 1944 520 v.
1963 491 2027 530 8.).

1064 579 1193 615 clx.

679 647 820 681 nixit
841 647 1004 690 &ahaja
1026 647 1074 680 b.
1096 647 1313 680 Blanzur
1334 647 1593 682 Hanefita.

325 721 596 762 Abu-Rijaschus
624 720 654 750 in
684 730 741 759 eo,
769 719 852 760 quod
879 719 1180 749 Abu-'rammamus
1210 719 1283 750 huic
1311 719 1428 759 Jahjae
1454 720 1537 750 istos
1564 729 1684 750 versus
1711 720 1943 764 adscripserit,
1971 733 2025 753 er-

239 795 343 815 rorem
370 784 504 822 invenit,
532 785 648 823 quippe
675 783 728 822 qui
756 781 794 812 ad
820 786 951 823 gentem
977 780 1081 811 Dsohl
1107 781 1308 821 pertinuerit.
1336 782 1464 813 Versus
1491 788 1601 813 autem
1625 792 1701 814 esse
1714 784 1829 814 Musae
1857 784 1887 816 b.
1914 785 2027 825 Djabir

231 847 355 888 (Islami
380 851 524 887 tempore
551 845 721 885 viventis).

229 945 259 975 1.
281 945 411 975 Patrem
443 947 587 972 nostrum
617 943 808 971 habitantem
837 942 1014 969 invenimus
1042 942 1076 969 in
1106 943 1234 978 regione
1265 942 1368 970 media
1396 943 1479 970 inter
1504 945 1632 979 yentem
1664 941 1763 979 Kaz‘s,
1798 942 1881 972 Kais
1907 942 2030 974 Aihlan

1058 995 1091 1022 et
1109 992 1198 1023 Fist-

228 1078 293 1117 (p,
317 1073 444 1117 lssfl.)
493 1090 502 1096 ,
569 1070 710 1100 Maiores
751 1078 828 1099 suos
862 1067 945 1098 inter
982 1071 1098 1108 gentes
1135 1068 1215 1098 Kais
1250 1069 1366 1100 Aihlan
1404 1074 1436 1100 et
1461 1069 1535 1100 Fisr
1569 1070 1628 1100 iam
1663 1070 1803 1111 antiquis
1837 1071 2029 1111 temporibus

229 1133 326 1164 sedes
352 1133 517 1173 habuisse,
544 1131 617 1161 dicit
644 1130 904 1171 significaturus,
939 1140 997 1161 eos
1024 1136 1167 1161 remotos
1195 1142 1213 1162 a
1241 1136 1338 1173 gente
1364 1132 1490 1163 Rabiah
1516 1133 1596 1162 inter
1624 1138 1740 1174 gentes
1769 1133 1907 1164 Modhar
1932 1134 2024 1164 habi-

231 1201 339 1237 tasse,
378 1195 461 1224 duae
488 1194 570 1224 enim
597 1193 669 1223 illae
699 1198 815 1233 gentes
851 1193 890 1222 ad
926 1193 1040 1222 tribum
1068 1193 1206 1224 Modhar
1234 1195 1403 1234 pertinent.
1457 1195 1646 1236 Cognomen
1673 1193 1788 1241 Delfi-e,
1825 1201 1861 1226 ut
1893 1197 1932 1227 ab
1959 1197 2029 1227 aliis

232 1259 382 1300 gentibus
411 1257 556 1287 eiusdem
584 1257 716 1286 nominis
743 1255 979 1296 distinguatur,
1017 1256 1146 1290 addunt.
1198 1259 1279 1289 Kais
1307 1258 1425 1289 Aihlan
1459 1267 1639 1300 cognomen
1672 1264 1754 1289 erat.
1806 1259 1876 1289 Viri
1903 1269 2027 1299 nomen,

230 1332 249 1352 a
277 1330 338 1360 quo
367 1330 448 1362 gens
487 1320 642 1361 originem
678 1319 788 1363 duxit,
829 1318 916 1347 Elias
942 1318 972 1347 b.
1000 1319 1137 1350 Modhar
1171 1322 1359 1360 appellatur.
1413 1321 1487 1351 Fisi·
1520 1326 1626 1351 autem
1661 1331 1842 1363 cognomen
1869 1321 1968 1352 Sahdi
1999 1322 2028 1352 b.

231 1383 308 1414 Said
335 1384 446 1414 Manat
474 1388 553 1412 erat.
608 1381 670 1420 Qui
699 1390 792 1421 quum
819 1391 952 1422 gregem
981 1391 1148 1422 caprarum
1177 1383 1378 1414 Ohcathsum
1407 1383 1573 1424 duxisset,
1601 1382 1710 1414 omnes
1738 1384 1886 1425 singulas
1913 1385 2027 1415 volen-

230 1447 314 1477 tibus
344 1446 523 1477 distribuit.
550 1450 582 1475 ut
611 1447 641 1475 in
668 1432 817 1475 diversas'
846 1451 950 1477 terras
980 1447 1256 1488 dispergerentur.
1311 1446 1388 1478 Inde
1416 1447 1535 1478 factum
1566 1450 1633 1486 est,
1673 1451 1709 1477 ut
1736 1456 1852 1486 caprae
1881 1446 1952 1477 illae
1980 1446 2028 1476 di-

229 1517 362 1548 spersae
386 1513 419 1538 et
445 1517 605 1547 nunquam
631 1508 881 1549 congregandae
907 1510 938 1540 in
964 1510 1125 1551 proverbii
1153 1509 1420 1540 consuetudinem
1446 1508 1594 1538 venirent
1622 1511 1656 1538 et
1681 1508 1732 1538 vir
1759 1507 1833 1538 inde
1848 1517 2027 1549 cognomen

229 1570 389 1609 acciperet
416 1569 515 1608 (conf.
545 1569 642 1599 Meid.
671 1570 707 1601 C.
738 1570 795 1611 23,
823 1571 936 1612 274).
988 1573 1065 1604 Vox
1087 1586 1172 1613 ,ἅμα
1197 1576 1347 1612 tanquam
1374 1570 1563 1601 adiectivum
1589 1572 1680 1600 vocis
1707 1567 1780 1607 8314
1807 1579 1919 1599 casum
1933 1569 2027 1610 geni-

230 1635 332 1664 tivum
358 1633 453 1663 habet
480 1637 511 1661 et
541 1642 558 1662 a
585 1634 792 1673 grammatico
819 1634 982 1665 Achfasch
1010 1635 1114 1674 (conf.
1142 1635 1240 1666 Meid.
1268 1635 1305 1665 Τ.
1331 1635 1385 1665 111.
1410 1635 1446 1665 P.
1464 1635 1496 1665 2.
1527 1645 1557 1674 p.
1580 1634 1682 1674 201.)
1710 1636 1932 1675 cognominato
1957 1643 2026 1665 cum

229 1708 334 1738 vocali
361 1707 513 1737 Dhamma
542 1712 574 1737 et
602 1691 676 1749 :2222
702 1709 939 1748 pronunciatur.
991 1710 1046 1740 Sic
1072 1719 1199 1750 quoque
1225 1709 1255 1739 in
1283 1710 1402 1740 Corani
1428 1709 1498 1740 loco
1526 1709 1600 1740 Sur.
1630 1708 1689 1750 20,
1718 1708 1774 1741 60.
1827 1709 1936 1739 Pone
1964 1709 2024 1739 in-

231 1775 299 1799 ter
325 1778 397 1798 nos
426 1774 552 1808 teque
580 1770 717 1800 locum
746 1770 897 1810 fixum,
924 1782 943 1801 a
970 1781 1043 1812 quo
1071 1782 1200 1811 neque
1229 1774 1353 1802 nobis
1382 1782 1515 1812 neque
1542 1772 1622 1802 tibi
1648 1771 1923 1803 recedendum
1951 1780 2027 1815 est,

231 1842 346 1872 quum
374 1832 484 1862 locus
511 1837 660 1862 rectus
686 1835 763 1873 sit,
792 1836 824 1863 ut
853 1834 927 1864 voci
953 1847 1036 1876 252*
1062 1837 1155 1865 vocis
1182 1833 1258 1869 &Aa
1284 1836 1477 1876 significatio
1504 1836 1672 1865 tribuatur.

230 1929 262 1958 2.
285 1928 331 1958 Et
351 1938 445 1967 quum
469 1932 532 1957 lolu
552 1938 634 1967 qens
657 1938 716 1958 nos
739 1930 948 1968 deseruisset,
984 1932 1120 1960 camelas
1148 1933 1354 1969 procumbere
1379 1934 1551 1963 iussimus:
1581 1935 1646 1961 tum
1679 1935 1790 1960 contra
1811 1935 1934 1969 tempus
1956 1942 2027 1962 cum

919 1985 1036 2022 ylndiis
1056 1987 1171 2023 foedus
1194 1988 1350 2015 inivimus.

332 2049 445 2081 Gentis
473 2060 552 2081 suae
580 2052 795 2082 fortitudinem
826 2052 1012 2083 describens
1049 2064 1119 2085 eam
1153 2056 1192 2085 ab
1220 2055 1366 2084 omnibus
1395 2057 1464 2085 suis
1493 2056 1633 2085 relictam
1661 2059 1694 2084 et
1721 2064 1739 2085 a
1766 2061 1863 2095 gente
1891 2055 2026 2097 Rabiah,

231 2121 365 2152 quacum
394 2114 565 2143 coniuncta
593 2120 705 2156 esset,
742 2115 783 2144 nil
820 2115 954 2155 amplius
982 2123 1225 2156 exspectantem
1253 2117 1378 2146 nonnisi
1407 2117 1437 2146 in
1464 2117 1649 2148 fortitudine
1676 2123 1709 2148 et
1736 2118 1853 2159 gladiis
1880 2117 2027 2148 fiduciam

234 2176 397 2216 posuisse.
449 2176 588 2206 verbis:
623 2176 812 2207 camelos
846 2178 1127 2217 procumbere
1167 2180 1367 2210 iussimus
1391 2180 1575 2221 significare
1603 2180 1692 2219 vult,
1719 2190 1797 2210 sese
1822 2180 1863 2211 ad
1888 2186 2027 2222 pugnam

231 2243 361 2278 paratos
386 2238 593 2278 substitisse3
632 2239 779 2268 solebant
817 2240 898 2270 enirn
924 2241 1051 2271 Arabes
1088 2248 1198 2272 contra
1235 2242 1348 2272 hostes
1383 2240 1627 2281 proficiscentes
1658 2243 1789 2272 camelis
1817 2242 1913 2283 vehi,
1951 2241 2024 2272 dum

232 2301 304 2340 equi
330 2301 370 2330 ad
396 2301 500 2339 latus,
542 2310 581 2329 ne
606 2300 719 2330 itinere
745 2301 977 2342 fatigarentur,
1018 2303 1219 2333 ducerentur.
1272 2302 1325 2332 Ad
1350 2311 1479 2343 pugnae
1509 2312 1657 2342 campum
1685 2303 1894 2334 advenientes
1921 2311 2021 2342 equos

231 2361 501 2392 conscendebant.
554 2362 696 2392 Arabum
730 2367 847 2402 poetae
884 2364 980 2394 rebus
1013 2366 1205 2404 saepissime
1230 2374 1399 2403 personam
1430 2364 1571 2395 induunt.
1625 2365 1720 2395 Hanc
1756 2365 1795 2394 ob
1829 2372 1961 2394 causam
1989 2370 2023 2395 et

232 2424 370 2464 gladium
398 2433 468 2454 cum
495 2424 564 2454 viro
593 2424 774 2455 consentire
800 2433 831 2463 p.
858 2423 893 2454 ἢ
919 2435 952 2455 v.
981 2427 1013 2455 5.
1041 2425 1176 2466 eiusque
1203 2428 1327 2457 socium
1355 2437 1433 2457 esse
1460 2428 1566 2458 dicunt
1591 2437 1622 2467 p.
1650 2426 1710 2456 &Af
1736 2436 1768 2456 v.
1788 2427 1819 2456 2.
1847 2426 1881 2456 ln
1909 2430 2017 2457 nostro

233 2484 301 2514 loco
327 2485 471 2515 homines
499 2493 569 2514 cum
596 2485 713 2526 gladiis
741 2488 888 2524 tanquam
915 2495 985 2516 cum
1011 2488 1159 2525 personis
1187 2487 1302 2519 foedus
1338 2490 1468 2528 ineunt,
1506 2490 1588 2529 quod
1622 2489 1674 2519 aiii
1705 2488 1883 2529 fregerunt.
1923 2489 2023 2520 conf.

234 2557 345 2587 quoq.
374 2549 466 2578 Ham
508 2558 536 2587 p.
566 2547 617 2576 *fr-
644 2558 673 2577 ν.
704 2549 736 2578 5.
764 2558 793 2588 p.
821 2558 848 2576 Α·
876 2558 907 2577 v.
938 2547 969 2577 3.
999 2552 1058 2578 etc.
