2247 2865
1009 113 1280 144 —178—

249 215 348 245 Meid.
376 214 414 245 C.
441 215 480 254 11,
508 213 595 253 31.).
646 213 752 244 Dixit:
791 212 815 242 Ii
842 214 904 243 mei
931 220 1006 252 pars
1034 216 1144 251 erant,
1173 216 1206 242 et
1231 221 1326 252 quum
1353 221 1411 241 eos
1437 210 1647 250 occidissem,
1679 215 1750 240 erat
1776 219 1815 241 ac
1842 211 1870 241 si
1895 210 2037 251 corporis

249 277 307 307 mei
332 281 456 316 partem
483 279 712 315 amputassem.

1050 368 1227 401 xlilv.

638 434 779 468 Dixit
801 433 1026 468 Alban-its
1043 435 1071 474 ¹)
1097 434 1143 467 h.
1165 434 1389 467 Ivamah
1413 433 1660 467 Dsohlita·

347 507 423 537 Vox
449 503 517 544 xlc,
546 510 668 544 petram
694 505 904 535 imminentem
930 504 1106 544 superioris
1125 506 1224 543 partis
1249 504 1363 534 montis
1383 504 1544 546 designat,
1575 506 1627 545 qui
1649 505 1716 535 eius
1735 505 1826 535 locus
1847 505 2036 535 inaccessus

249 573 308 599 est.
335 569 424 598 Dixit
442 566 657 599 Abu-l’Ahla:
684 567 801 597 Dicunt
828 568 858 597 in
885 567 1072 606 explicando
1099 568 1225 595 nomine
1242 566 1442 607 Wahlah,
1469 576 1583 597 vocem
1609 565 1677 606 zue,
1706 566 1839 597 eandem
1869 566 2037 607 signifiea-

249 632 385 670 tionem,
414 639 507 668 quam
534 626 591 668 2455,
619 629 756 670 habere,
784 638 846 668 qua
872 638 956 658 voce
983 632 1110 658 stercus
1141 631 1174 656 et
1200 627 1293 657 huius
1321 627 1455 668 similia,
1495 637 1577 667 quae
1603 628 1633 657 in
1661 628 1753 658 domo
1782 632 2035 669 congregantur,

247 692 465 732 significentur
491 697 524 722 et
545 689 614 731 ὣς)
633 696 757 722 stercus
772 701 847 722 esse
869 692 986 721 dicunt.
1038 691 1097 720 Vir
1112 698 1237 729 qnoque
1262 698 1378 719 nomen
1397 689 1563 729 accepisse
1588 693 1695 728 potest
1712 699 1730 719 a
1756 699 1854 729 capra
1872 694 2034 729 montana,

245 767 428 806 quiescente
454 766 556 796 media
582 766 725 804 radicali,
754 767 828 797 dum
857 751 926 806 xil,
955 766 1025 795 loco
1051 764 1146 795 vocis
1172 763 1241 804 alc,
1270 764 1394 795 dicitur.
1445 764 1546 805 Sunt,
1575 764 1626 802 qui
1653 763 1778 804 dicant,
1808 773 1919 794 ansam
1945 763 2036 793 vasis

265 840 437 881 guttur-nii)
464 838 532 880 2:212,
560 841 724 880 appellari.
766 840 858 879 Quod
886 841 911 871 si
938 845 1062 870 rectum
1089 839 1232 880 habetur,
1260 849 1279 869 a
1305 838 1453 877 loquendi
1480 837 1574 867 modo
1598 836 1662 877 ὼε,
1691 835 1710 865 *A
1735 839 1756 867 i.
1783 846 1810 868 e.
1841 846 1924 867 „non
1950 837 2035 867 effu-

244 902 330 942 gium
359 906 429 932 est«
461 902 640 933 derivatum
668 907 736 944 cst,
769 904 859 942 quasi
886 903 925 932 ad
952 912 991 932 ea
1017 901 1163 942 confugit
1190 907 1222 931 et
1248 902 1288 932 ad
1315 905 1537 941 paupertatem
1575 900 1752 941 redigitur,
1789 904 1825 930 ut
1861 909 1944 929 vasa
1977 908 2036 929 au-

245 964 397 994 ser-antur.
426 965 514 994 Dixit
540 970 637 1004 poeta
664 961 954 995 Dsu-l’Ronnnah:
983 964 1092 1002 (metr.
1120 963 1249 1002 Basith)
1275 964 1416 993 Donec
1443 972 1556 1002 quum
1584 962 1792 1003 effugium
1819 970 1896 991 non
1922 960 2034 990 inve-

244 1029 322 1067 nit,
351 1031 387 1057 et
413 1037 484 1057 eas
512 1028 728 1067 impedivit
756 1028 802 1057 ob
829 1032 978 1057 metum
1006 1029 1207 1065 iactuS‚ut
1234 1034 1372 1055 omnes
1400 1024 1641 1054 sitibundae
1669 1021 1864 1063 essent2).

243 1131 311 1173 (1)-
335 1132 437 1175 9⁸2.)
480 1135 509 1163 1.
532 1134 622 1165 Gens
644 1146 722 1171 mea,
747 1146 764 1165 o
781 1135 971 1166 Omaimalz!
986 1137 1122 1174 fratrem
1144 1144 1246 1163 meum
1267 1133 1400 1171 occidit,-
1422 1142 1518 1172 quum
1539 1134 1638 1170 iyitur
1661 1131 1800 1169 iaculor,
1826 1131 1945 1168 sagitta
1967 1139 2035 1159 mea

1020 1198 1068 1216 me
1091 1188 1246 1216 vulnerat.

341 1255 478 1294 Species
506 1256 650 1286 secunda
672 1256 802 1297 generis
830 1255 958 1286 secundi
985 1255 1078 1285 metri
1104 1255 1206 1284 Camil
1244 1259 1277 1284 et
1312 1253 1581 1284 homoioteleuton
1609 1252 1711 1297 ,Libica
1746 1254 1790 1283 ita
1827 1252 2033 1283 constitutum

242 1320 304 1357 est,
332 1322 366 1346 ut
393 1315 511 1358 cleliam,
538 1315 655 1359 dyo-,25
682 1317 754 1362 *³515*
780 1319 833 1348 sit.
885 1319 988 1348 Dicit:
1020 1317 1111 1349 Gens
1139 1326 1228 1358 mea,
1256 1326 1273 1346 o
1302 1315 1488 1355 Omaimah,
1518 1325 1569 1345 me
1593 1315 1700 1345 fratris
1727 1314 1826 1345 caede
1852 1314 1976 1344 adflixit
2002 1318 2035 1344 et

241 1380 316 1409 mihi
346 1380 517 1411 ulciscendi
545 1381 683 1411 officium
710 1381 878 1420 imposuit3
907 1380 966 1410 sed
992 1380 1020 1409 si
1047 1381 1085 1410 ab
1112 1380 1151 1409 iis
1174 1379 1326 1409 ultionem
1354 1378 1488 1418 exigere
1513 1377 1601 1417 volo,
1619 1377 1714 1407 huius
1739 1377 1787 1407 rei
1813 1386 1897 1406 noxa
1915 1376 1955 1407 ad
1980 1386 2032 1406 me

241 1441 334 1482 redit,
364 1443 508 1482 quoniam
535 1444 596 1472 viri
622 1444 763 1482 potentia
790 1448 888 1484 gente
915 1452 976 1473 sua
1002 1443 1123 1473 nititur.
1175 1442 1210 1470 In
1241 1440 1303 1470 hoc
1330 1449 1480 1470 sermone
1506 1440 1668 1470 tristitiam
1696 1444 1729 1470 et
1754 1448 1933 1470 moerorem
1960 1447 2032 1468 ma-

242 1503 386 1540 nifestat,
414 1514 467 1533 res
495 1515 556 1534 non
582 1509 699 1534 narrat.

240 1601 272 1629 2.
298 1599 418 1635 Quibus
440 1602 470 1628 si
487 1602 622 1636 iynosco,
644 1610 774 1637 gravem
795 1610 861 1629 rem
883 1602 1032 1638 iqnosco;
1053 1602 1104 1628 sin
1125 1609 1198 1628 vero
1219 1601 1252 1628 in
1272 1609 1324 1629 eos
1346 1602 1494 1637 impetum
1513 1600 1609 1638 facio,
1634 1608 1707 1628 ossa
1729 1608 1798 1628 mea
1821 1598 1953 1628 dehilito.

338 1667 460 1697 Dicitur
484 1661 595 1706 tra-sthi
623 1679 674 1712 0²
698 1670 789 1708 054²
815 1677 886 1698 cum
913 1668 1038 1698 nomine
1066 1669 1198 1698 actionis
1225 1671 1281 1709 >³²2
1310 1672 1493 1708 »peccatum
1518 1667 1732 1700 condonavi«.
1783 1667 2027 1707 Praepositione

240 1728 361 1757 omissa
386 1728 519 1757 verbum
546 1728 651 1767 ipsum
677 1725 794 1773 0352:ss
822 1730 909 1767 (cum
937 1730 1060 1759 nomine
1086 1731 1176 1770 ipso)
1204 1731 1377 1761 coniunxit.
1438 1730 1565 1760 Sensus
1600 1734 1670 1760 est:
1706 1729 1743 1760 Si
1780 1729 1955 1760 vindictam
1990 1730 2029 1760 ab

238 1789 276 1819 iis
303 1789 490 1819 sumendam
517 1790 638 1831 omitto,
668 1800 734 1820 rem
762 1800 909 1831 magnam
938 1792 1105 1832 condono;
1135 1792 1185 1821 sin
1211 1788 1358 1831 verosab
1386 1792 1424 1821 iis
1451 1802 1501 1822 me
1531 1791 1669 1833 vindico,
1697 1800 1734 1821 os
1761 1800 1862 1821 meum
1888 1790 2026 1821 debilito.

238 1852 350 1882 Voces
378 1856 484 1881 autem
511 1855 578 1897 ΟΦ,
606 1857 639 1882 et
665 1856 737 1898 ὗς),
763 1853 897 1883 eandem
921 1853 1101 1883 debilitandi
1128 1853 1394 1894 significationem
1421 1853 1548 1884 habent.
1588 1853 1731 1884 Verbum
1758 1848 1823 1882 [lam
1850 1861 1933 1883 cum
1960 1862 2029 1882 ve-

238 1914 452 1945 hementia
481 1924 628 1954 capere
656 1914 834 1957 significat3
871 1915 930 1944 sed
957 1924 1024 1944 vox
1050 1913 1125 1952 dss?
1152 1915 1189 1945 iis
1215 1915 1350 1945 vocibus
1377 1914 1614 1945 adnumeranda
1640 1919 1712 1956 est,
1740 1924 1821 1954 quae
1851 1915 2028 1946 contrarias

237 1978 491 2019 significationes
519 1977 648 2017 habent,
676 1977 768 2016 parvi
795 1981 828 2006 et
854 1977 971 2017 magni.
1017 1977 1109 2006 Ilaec
1135 1980 1294 2016 posterior
1321 1977 1512 2018 significatio
1539 1978 1570 2006 in
1596 1987 1697 2007 versu
1724 1978 1826 2008 locum
1852 1977 1959 2008 habet.
1993 1977 2027 2007 In

238 2045 373 2079 utroque
398 2048 517 2069 versus
544 2038 740 2068 hemistichio
768 2039 983 2069 iusiurandum
1011 2039 1221 2079 supplendum
1249 2043 1318 2080 est,
1355 2039 1446 2069 cuius
1474 2039 1600 2078 phrasis
1627 2048 1832 2079 consequens
1862 2039 1893 2068 in
1921 2038 2027 2078 priore

238 2103 338 2132 verbo
365 2098 490 2146 03223,
528 2101 558 2131 in
595 2103 774 2140 posteriore
807 2101 907 2131 verbo
933 2098 1040 2146 &2933
1078 2101 1267 2131 continetur.
1318 2101 1444 2131 Littera
1467 2097 1486 2135 ὁ
1512 2101 1542 2131 in
1573 2106 1709 2141 utroque
1736 2101 1837 2131 verbo
1864 2101 2027 2132 iusiuran-

239 2164 310 2195 dum
335 2163 464 2194 inducit.

237 2261 270 2291 3.
292 2260 344 2289 Ne
365 2269 384 2288 a
404 2262 498 2297 yeme
518 2268 652 2288 securus
674 2261 728 2293 sis,
754 2261 804 2287 cui
824 2260 973 2288 iniuriam
994 2258 1133 2288 intulisti
1152 2263 1183 2289 et
1201 2269 1295 2299 quam
1317 2259 1503 2289 contumelia
1524 2262 1556 2288 et
1577 2259 1723 2288 violentia
1741 2261 1834 2297 prius
1855 2258 2023 2293 lacessisti,

336 2332 494 2363 Sermone
519 2335 639 2362 mutato
666 2340 686 2361 a
711 2332 857 2362 narrandi
882 2331 974 2362 modo
1014 2331 1055 2361 ad
1091 2332 1314 2372 alloquendum
1350 2333 1472 2362 minans
1499 2332 1626 2362 transiit
1636 2332 1678 2371 ³).
1729 2332 1807 2362 Vox
1831 2333 1884 2376 μὲ)
1910 2338 2023 2360 nomen

239 2393 372 2424 actionis
392 2394 483 2423 verbi
508 2390 574 2421 mh
584 2394 683 2438 W)
698 2392 810 2431 (quum
830 2393 939 2423 dixisti
959 2393 1054 2423 alicui
1081 2391 1145 2440 μὲ)
1158 2398 1212 2424 aut
1223 2393 1317 2424 alicui
1343 2393 1374 2423 id
1401 2393 1507 2423 fecisti
1514 2393 1622 2435 ,quod
1634 2402 1746 2423 nasum
1763 2392 1795 2423 in
1820 2396 1937 2422 terram
1962 2390 2023 2420 de-

258 2484 289 2516 1)
307 2486 336 2508 In
356 2485 487 2509 Mersukii
505 2486 575 2509 libro
593 2491 690 2509 nornen
710 2469 800 2525 ἐξὲξ
820 2485 945 2516 scriptum
965 2488 1015 2509 est.

255 2540 286 2570 2)
304 2540 419 2563 Videtur
437 2546 524 2562 sermo
543 2545 602 2563 esse
621 2538 653 2562 de
672 2545 776 2569 onagro
795 2541 842 2562 aut
859 2539 914 2562 alio
933 2540 1053 2571 animali,
1072 2539 1114 2570 qui
1134 2539 1245 2563 reminas
1263 2546 1279 2563 a
1297 2540 1357 2563 loco
1377 2538 1491 2570 bibendi,
1511 2539 1555 2563 ubi
1574 2540 1714 2563 venatores
1733 2536 1817 2567 timet,
1836 2535 1944 2560 retinet.

257 2584 286 2613 3)
306 2584 409 2608 Versus
428 2584 468 2607 hic
486 2590 545 2608 cum
564 2584 787 2614 praecedentibus
805 2584 874 2607 haud
893 2584 959 2608 bene
977 2585 1125 2609 cohaerere
1144 2584 1269 2617 videtur3
1288 2585 1312 2609 in
1332 2585 1385 2609 illis
1401 2585 1469 2609 enim
1486 2586 1518 2609 de
1535 2585 1618 2608 caede
1635 2582 1730 2607 fratris
1745 2588 1833 2606 sermo
1852 2584 1920 2613 erat,
1938 2581 1961 2606 in
1973 2581 2023 2605 hoc
