2247 2865
980 100 1248 131 —516—

223 204 301 234 dens
329 206 358 233 in
386 203 512 232 situlam
550 211 659 241 aquam
696 200 871 230 hauriebat.
925 200 1015 230 Fune
1051 205 1159 230 autem
1187 209 1288 239 usque
1321 200 1360 229 ad
1394 209 1506 239 aquam
1535 209 1596 228 nou
1624 198 1827 239 pertingente
1855 199 2014 229 hauriendi

223 266 360 296 facultas
389 265 464 294 data
488 273 550 294 non
578 268 638 293 est.
693 263 752 293 Cui
782 267 888 292 autem
917 262 945 290 in
974 261 1101 291 deserto
1130 271 1211 300 aqua
1238 262 1344 304 deest,
1371 263 1400 293 ei
1428 262 1624 303 pereundum
1653 267 1714 292 est.

1007 356 1232 391 exeun.

224 425 364 461 Dixit
385 425 535 460 sinan
559 425 605 458 b.
628 423 804 458 Alsahl
828 423 989 457 frater·
1010 422 1170 464 gentis
1195 421 1772 465 Banu-ormn-Alealis‚
1803 429 1931 463 quae
1954 422 2018 455 ael

786 479 982 519 gentem
1007 476 1135 510 Thai
1160 477 1454 518 pertinebat.

227 564 255 594 1.
279 564 324 592 ΕΙ
343 564 513 591 diserunl:
534 563 603 590 Iam
627 563 762 588 insanus
783 558 837 588 es!
857 569 912 596 eqo
936 562 1041 587 aulem
1062 559 1147 587 diaei:
1170 559 1280 597 Neque
1297 561 1433 587 insanus
1455 568 1526 586 snm
1548 568 1648 596 neque
1671 559 1794 594 ὠνία-ς,-

349 631 468 671 Poeta,
504 640 616 670 quem,
655 639 748 668 quum
777 629 816 657 ob
845 628 986 657 iniuriam
1014 628 1071 667 ipsi
1109 629 1226 658 illatam
1262 637 1378 667 magna
1412 630 1457 657 ira
1486 636 1644 657 accensus
1685 631 1736 657 aut
1765 628 1891 657 tristitia
1926 626 2020 657 adfe-

229 700 301 724 ctus
330 700 443 734 esset,
482 694 624 723 insaniae
651 696 906 728 accusaverant,
938 700 1003 720 rem
1035 695 1143 731 negat.
1196 690 1397 720 Scholiastes
1426 690 1523 727 dixit,
1565 694 1677 728 poetae
1705 690 1871 719 dicendum
1900 690 2021 719 fuisse:

227 753 325 803 cal-<m
349 756 377 796 ,l
407 761 517 792 evei-23>
550 756 701 785 »insanus
728 760 782 784 aut
812 754 916 783 ebrius
944 763 1018 787 es«,
1046 752 1105 781 sed
1133 753 1223 782 unius
1252 754 1296 782 rei
1324 754 1514 782 mentionem
1543 753 1571 782 ei
1598 752 1781 793 suffecisse,
1809 753 1890 792 quod
1918 762 2021 795 nega-

229 820 272 849 tio
302 819 330 847 in
359 820 517 848 sententia
545 821 765 856 consequente
793 821 959 853 utramque
994 825 1060 844 rem
1088 815 1307 855 coniungeret.
1360 815 1502 845 Similem
1531 815 1676 854 loquendi
1712 815 1838 844 modum
1865 817 1896 844 in
1923 825 2022 845 versu

231 887 390 922 sequente
418 882 537 910 invenit
569 880 672 919 (metr.
703 877 843 921 U'afir):
888 879 938 907 Et
964 881 1131 918 nescio,
1166 888 1283 918 quum
1312 878 1468 908 modum
1505 879 1660 919 agendi
1690 878 1787 907 mihi
1819 887 2022 918 propono,

231 945 316 974 dum
348 945 494 973 bonum
521 944 619 972 volo
648 946 737 981 (aut
767 942 913 972 malum
942 943 1093 981 evito),
1121 941 1328 981 quodnam
1356 950 1501 970 eorum
1532 941 1800 980 propinquum
1830 940 1928 970 mihi
1956 940 2023 971 sit.

230 1006 298 1036 Res
327 1011 429 1035 autem
457 1014 518 1034 non
549 1010 611 1034 tam
640 1005 821 1034 necessaria
850 1003 918 1033 mihi
949 1004 1093 1042 videtur,
1123 1013 1214 1043 quam
1245 1004 1438 1033 scholiastes
1469 1005 1605 1041 putavit,
1634 1002 1767 1041 cogitari
1795 1004 1877 1031 enim
1906 1006 2025 1041 potest,

229 1074 357 1109 poetam
385 1068 509 1097 nonnisi
537 1068 678 1097 insaniae
706 1071 902 1104 accusatum,
929 1071 962 1096 ut
989 1075 1110 1094 omnem
1138 1065 1373 1094 accusationem
1401 1075 1419 1095 a
1445 1076 1481 1094 se
1510 1070 1703 1101 removeret,
1732 1065 1866 1103 dixisse,
1897 1065 2026 1095 multum

232 1132 372 1170 abesse,
400 1136 434 1160 ut
461 1131 590 1160 insanus
617 1130 678 1169 sit,
706 1136 739 1159 ut
767 1139 805 1158 ne
833 1129 940 1158 ebrius
969 1127 1092 1166 quidem
1120 1128 1172 1156 sit.
1225 1128 1324 1157 Hisce
1353 1129 1447 1167 igitur
1474 1127 1583 1156 verbis
1611 1137 1672 1156 non
1700 1128 1865 1166 prolatae3
1901 1127 1958 1157 sed
1988 1129 2026 1158 ab

233 1193 365 1223 inimicis
396 1191 636 1231 exspectandae
663 1191 860 1220 accusationi
890 1190 1074 1219 occurrisse
1101 1188 1238 1218 videtur.
1291 1188 1494 1218 Scholiastes
1532 1189 1610 1218 dixit
1646 1193 1757 1218 contra
1785 1189 2026 1230 Sibawailiiurn,

234 1265 327 1294 quem
354 1255 393 1284 de
421 1255 549 1294 Sacyus
578 1253 704 1292 (Grani.
735 1254 789 1282 Ar.
818 1254 854 1281 T.
877 1253 899 1281 Ι.
928 1262 956 1291 p.
978 1251 1079 1290 534.)
1107 1256 1243 1280 secutus
1272 1257 1336 1291 est,
1366 1245 1550 1290 particulam
1578 1248 1627 1279 §U
1656 1262 1716 1280 non
1743 1252 1844 1281 solum
1876 1252 1915 1282 ad
1949 1263 2026 1282 sen-

233 1320 362 1349 teutiam
393 1317 596 1348 refellendam
626 1321 658 1346 et
685 1315 939 1354 vituperandam,
968 1323 1079 1344 verum
1109 1315 1204 1343 etiam
1233 1313 1272 1343 ad
1300 1314 1640 1343 commonefaciendum
1664 1314 1768 1354 modo,
1794 1324 1854 1354 quo
1872 1316 2026 1354 particula

233 1379 267 1411 Sl
296 1385 443 1415 utantur,
473 1379 626 1409 adhiberi.
677 1379 710 1407 Iu
739 1379 798 1408 hoc
826 1377 915 1407 modo
943 1381 1119 1416 sequantur
1146 1376 1266 1417 verba,
1293 1378 1405 1416 quibus
1434 1377 1502 1406 eius
1530 1387 1649 1406 sensus
1678 1377 1838 1417 perfectus
1867 1378 2028 1417 reddatur,

234 1452 372 1473 necesse
401 1452 487 1472 esse.

239 1542 270 1569 2.
315 1540 381 1569 Sed
408 1539 527 1568 iniuria?
557 1547 612 1574 eqo
646 1537 792 1574 adfer-lus
821 1543 913 1567 mimz
950 1538 1014 1563 tum
1048 1536 1083 1564 ob
1113 1537 1313 1574 manifestam
1344 1538 1492 1565 iniurium
1520 1548 1634 1574 parum
1665 1539 1784 1576 abfuit.
1824 1542 1858 1567 Μ
1887 1540 2008 1576 flerem,

1037 1592 1094 1617 aut
1111 1590 1206 1626 fleri:

337 1667 438 1696 Hisce
469 1667 578 1695 verbis
614 1663 729 1704 agendi
766 1663 917 1692 rationem
958 1667 1094 1691 excusat
1126 1670 1276 1694 causam,
1311 1669 1365 1689 cur
1398 1659 1546 1697 fleverit,
1586 1660 1716 1690 addens.
1772 1660 1819 1690 Ob
1856 1661 2031 1701 lacrymas,

239 1738 320 1768 quae
347 1732 417 1759 viro
447 1728 594 1769 indignae
615 1729 691 1767 sint,
714 1736 785 1755 eum
813 1726 882 1754 sine
910 1725 1002 1754 dubio
1030 1725 1304 1762 vituperaverant.
1356 1723 1400 1751 Se
1428 1724 1517 1752 tanta
1547 1722 1658 1751 iniuria
1686 1722 1847 1751 adflictum
1876 1732 1951 1751 esse
1979 1723 2029 1753 di-

240 1793 301 1835 cit,
338 1796 370 1822 ut
399 1792 437 1821 ob
466 1792 541 1820 iram
570 1792 728 1830 lacrymas
755 1790 891 1818 retinere
920 1798 979 1817 uon
1011 1789 1165 1826 potuerit,
1198 1795 1268 1815 nam
1296 1794 1356 1813 non
1385 1785 1487 1813 solum
1517 1785 1618 1813 tristis
1647 1784 1768 1823 plorat,
1797 1793 1909 1813 verum
1937 1785 2029 1814 etiam

242 1856 351 1885 iratus.
405 1855 540 1894 Arabes,
569 1854 618 1893 qui
649 1853 759 1882 durum
788 1853 923 1881 animum
950 1851 1018 1879 viro
1047 1848 1175 1890 dignum
1204 1856 1279 1877 esse
1307 1850 1435 1885 putent,
1465 1846 1622 1884 lacrymas
1650 1855 1709 1874 non
1742 1845 1879 1875 laudaut.
1934 1846 2033 1876 Poeta

246 1917 409 1947 Mohalhel
439 1917 515 1946 dixit
542 1913 648 1958 (metr.
678 1911 826 1955 Rasum:
863 1914 1048 1952 Propter
1074 1921 1148 1941 nos
1179 1911 1380 1950 ploratur-3
1417 1909 1490 1939 sed
1521 1919 1591 1938 nos
1623 1914 1786 1948 propter
1813 1910 1925 1938 alios
1954 1920 2034 1940 non

246 1980 482 2019 ploramus3
518 1976 732 2018 profecto!
771 1977 911 2006 animis
938 1976 1133 2006 duriores
1161 1982 1329 2011 sumuS‚
1363 1981 1474 2011 quain
1503 1971 1666 2001 cameli.
1719 1972 1817 2001 Poeta
1844 1973 2032 2010 particulam

242 2038 305 2087 ΟΩ
333 2041 482 2079 adhibuit,
511 2047 541 2071 ut
569 2043 667 2071 verba
695 2041 870 2080 praemissa
898 2040 988 2078 quasi
1016 2037 1193 2077 corrigeret
1221 2035 1321 2074 (cons.
1349 2034 1459 2064 Grani.
1477 2035 1533 2063 Ar.
1551 2034 1587 2062 T.
1607 2034 1629 2062 Ι.
1658 2043 1687 2072 p.
1710 2033 1819 2069 565).
1850 2034 1924 2063 Vox
1942 2032 2031 2079 &Mn

243 2108 307 2132 tam
338 2103 502 2132 vocalibus
533 2104 628 2133 activi
656 2113 746 2142 quam
776 2103 898 2141 passivi
928 2099 1127 2141 pronunciari
1156 2103 1274 2138 potest,
1302 2097 1416 2136 quippe
1444 2106 1561 2125 sensus
1590 2096 1671 2126 idem
1700 2102 1835 2128 maneat.

243 2201 276 2229 3.
302 2200 387 2228 lVam
410 2210 492 2237 aqua
515 2209 598 2237 aqua
617 2202 719 2235 patris
742 2202 803 2227 mei
824 2200 935 2236 avique
956 2200 1004 2226 est
1024 2200 1055 2225 et
1073 2200 1190 2233 puteus
1213 2198 1269 2227 est,
1294 2204 1384 2232 quem
1408 2203 1463 2230 eqo
1483 2194 1553 2230 fodi
1573 2203 1723 2230 'introque
1745 2195 1898 2223 instruxi.

345 2270 498 2309 Magnam
526 2278 605 2297 sane
633 2268 774 2297 iniuriam
804 2268 831 2297 ei
859 2267 1029 2296 intulerant
1057 2276 1108 2306 eo,
1135 2264 1214 2304 quod
1242 2254 1384 2302 puteum,
1411 2272 1501 2302 quem
1529 2262 1726 2292 haereditate
1754 2271 1772 2291 a
1800 2267 1889 2301 patre
1909 2271 2035 2301 avoque

245 2335 413 2368 acceperat
440 2335 472 2358 et
500 2339 590 2368 quem
621 2329 723 2358 denuo
753 2328 907 2357 effoderat
936 2337 1088 2365 muroque
1115 2328 1334 2365 instruxerat,
1370 2326 1396 2354 ei
1432 2326 1624 2364 eripuerant.
1678 2326 1710 2354 ln
1739 2330 1825 2355 tanta
1852 2325 1960 2355 iniuria
1989 2326 2036 2354 la-

245 2401 372 2430 crymae
404 2391 609 2420 excusandae
637 2395 737 2419 erant.
779 2389 871 2427 Quod
891 2389 978 2428 dicit,
1006 2398 1118 2427 aquarn
1147 2389 1227 2426 patri
1255 2397 1314 2416 suo
1343 2397 1467 2426 avoque
1495 2388 1607 2425 fuisse,
1636 2397 1674 2416 eo
1702 2387 1843 2417 iniuriam
1873 2387 2035 2416 maximam

246 2454 350 2482 fuisse
378 2454 513 2493 probat,
553 2463 623 2482 nam
652 2453 680 2482 in
709 2461 792 2481 novo
820 2456 916 2490 puteo
946 2451 985 2480 de
1013 2451 1223 2489 possessione
1251 2449 1376 2478 dubium
1406 2460 1482 2478 esse
1509 2455 1647 2488 poterat.
1699 2449 1765 2479 Sed
1793 2449 1875 2477 illum
1906 2454 2036 2487 puteum

246 2520 408 2554 veterem,
445 2516 575 2544 multum
604 2515 735 2549 aberat,
770 2518 805 2543 ut.
833 2522 904 2542 eum
934 2512 1137 2552 negligeret,
1178 2516 1212 2540 ut
1239 2520 1311 2540 eum
1339 2511 1517 2540 effodiendo
1546 2515 1577 2540 et
1605 2520 1693 2540 muro
1720 2510 1806 2539 sacto
1834 2519 1927 2539 suum
1963 2519 2037 2540 esse

249 2577 408 2615 probaret,
460 2578 644 2607 Posteriore
671 2581 777 2607 autem
804 2585 922 2606 versus
951 2579 1041 2614 parte
1068 2583 1185 2603 novum
1219 2578 1348 2613 puteum
1380 2582 1442 2602 non
1475 2572 1608 2603 describi
1639 2576 1735 2611 puto;
1774 2580 1855 2601 uuus
1890 2571 2040 2612 idemque
