2247 2865
1002 305 1136 347 viris
1170 304 1317 346 ‹lot-tis

1055 453 1090 482 s.
1136 451 1169 482 ι).
1215 451 1251 481 Ι).

854 581 941 634 G.
979 580 1066 632 G.
1103 579 1459 644 Freytag.

259 731 469 784 naitiasae
491 761 603 782 nomen
621 761 638 782 a
653 751 751 792 primo
767 751 834 781 libri
851 752 955 791 eapite
968 756 1031 781 tam
1049 752 1221 780 carminum
1245 749 1337 788 copia
1359 750 1507 787 maximo,
1531 758 1623 789 quam
1647 752 1834 788 argumento
1857 743 2051 785 gravissimo

261 809 374 849 insigni
398 808 454 838 toti
477 808 563 846 operi
587 807 717 836 inditum
742 815 829 845 esse,
852 807 881 835 in
905 811 1021 835 octava
1046 805 1250 844 praefationis
1271 805 1407 834 Latinae
1431 804 1529 834 textui
1554 803 1691 833 Arabico
1716 801 1911 841 praemissae
1936 800 2050 838 pagina

258 863 445 893 monuimus.
487 862 623 891 Primam
636 866 742 890 autem
756 861 859 899 operis
875 859 1043 900 colligendi
1061 859 1262 889 occasionem
1281 858 1380 888 fuisse
1395 860 1425 888 iu
1444 859 1564 895 itinere,
1580 857 1664 898 quod
1680 863 1773 897 poeta
1788 853 2048 885 Abu-Tammam

259 917 288 947 in
304 917 533 954 Chorasanam,
550 916 632 945 illins
655 915 840 954 provinciae
856 915 1038 954 principem,
1064 913 1339 951 Ahbd-Atlahum‚
1365 912 1502 942 'l'haheri
1519 912 1623 944 silium,
1650 911 1835 941 laudaturus
1851 909 2051 947 suscepisset

259 971 360 1005 (conf.
378 981 406 1011 p.
426 971 512 1005 {XM
536 979 606 999 nam
630 978 724 1008 quum
748 968 819 998 inde
843 968 941 998 rednx
966 967 1140 997 {Iamadzini
1165 968 1279 1005 magna
1303 968 1384 997 nivis
1406 967 1498 1007 copia
1517 966 1600 1006 apud
1616 961 2049 1003 Abu-rwnfam,Salznnahi

259 1023 365 1063 tilium,
390 1026 588 1053 retineretur.
615 1024 724 1054 otium.
748 1031 809 1062 quo
822 1022 988 1060 frueretur,
1016 1023 1043 1051 in
1068 1024 1165 1052 eausa
1178 1022 1277 1052 fuisse
1290 1022 1428 1062 videtur,
1451 1023 1551 1051 curin
1572 1020 1759 1051 bibliotheca
1778 1019 1858 1049 illius
1876 1018 1947 1055 viri,
1971 1026 2051 1055 poe-

260 1085 361 1108 tarum
386 1078 534 1116 operibus
551 1076 741 1113 abundante,
765 1081 941 1115 occupatus
955 1075 1118 1105 Hamasae
1134 1086 1212 1116 opus
1229 1076 1410 1115 conficeret,
1434 1076 1516 1116 quod
1541 1086 1601 1106 non
1618 1075 1737 1111 dubito,
1760 1074 1834 1114 quin
1857 1075 1889 1102 in
1908 1071 2052 1101 manibus

259 1130 497 1162 Abu-l‘lVefae
513 1135 638 1170 gratum
657 1129 695 1159 ob
718 1129 964 1168 hospitalitatem
987 1130 1122 1159 animum
1147 1131 1384 1171 significaturus
1405 1131 1572 1171 reliquerit.
1618 1130 1777 1168 Quantum
1802 1126 1952 1166 temporis
1975 1134 2052 1163 spa-

259 1185 333 1215 tium
357 1184 398 1214 ibi
420 1184 532 1223 egerit,
557 1192 744 1223 quamquam
763 1192 866 1222 neque
883 1182 1048 1212 'rebrisius
1067 1193 1168 1223 neque
1185 1185 1237 1214 alii
1260 1185 1350 1215 istam
1369 1194 1433 1214 rem
1452 1189 1626 1214 tractantes
1639 1183 1810 1222 scriptores
1826 1183 2051 1210 narraverunt,

259 1243 324 1269 tum
348 1249 388 1269 ex
411 1248 540 1278 operum
571 1247 714 1277 numero,
738 1242 811 1268 sunt
835 1237 916 1267 enim
939 1242 1062 1277 praeter
1087 1239 1259 1268 Hamasam
1283 1243 1426 1279 quatuor,
1450 1243 1514 1268 tum
1539 1248 1556 1268 e
1580 1235 1796 1278 magnitudine
1819 1232 1900 1264 haud
1919 1241 2050 1272 parvum

259 1293 360 1323 fuisse
376 1292 484 1323 videre
507 1294 589 1332 ticet,
613 1303 693 1333 quae
717 1294 797 1322 enim
822 1297 928 1332 potest
952 1302 1026 1323 esse
1048 1294 1106 1323 viri
1129 1299 1161 1324 et
1184 1294 1345 1334 diligentia
1368 1298 1398 1323 et
1421 1291 1577 1323 scribendi
1601 1290 1751 1329 studium,
1777 1294 1811 1319 ut
1828 1289 1919 1318 nnius
1939 1286 2052 1317 hiemis

259 1347 361 1386 spatio
384 1352 428 1377 tot
451 1352 600 1386 tantaque
621 1357 716 1386 opera
739 1346 890 1386 perficiat.
935 1348 1088 1387 Tempus,
1112 1358 1174 1388 quo
1197 1349 1496 1378 Abu-'l‘ammamus
1519 1356 1537 1375 e
1560 1343 1746 1374 Chorasaua
1767 1342 1907 1381 rediens,
1939 1341 1967 1369 in
1991 1349 2052 1378 op-

261 1401 333 1440 pido
355 1401 521 1431 Hamadan
545 1411 625 1440 opus
650 1401 811 1431 Hamasae
841 1402 1032 1440 confecerit,
1064 1411 1160 1441 quum
1192 1412 1273 1441 opus
1297 1401 1493 1432 Abu-Becri
1516 1398 1623 1428 Alzuli
1646 1397 1760 1446 6552ss
1777 1397 1859 1433 ΛΜΞ
1877 1396 1934 1444 6³3
1959 1393 2051 1442 )l.0bl

259 1462 456 1500 inscriptum,
480 1462 570 1490 ouius
594 1462 622 1490 in
645 1470 740 1500 opere
750 1460 1021 1490 Ebn-Cliallicani
1044 1460 1106 1489 No.
1121 1459 1182 1490 793
1205 1461 1320 1490 mentio
1342 1460 1427 1490 facta
1449 1462 1509 1498 est,
1535 1458 1607 1488 mihi
1632 1458 1789 1496 inspicere
1811 1453 2048 1491 haudlicuerit,

260 1516 382 1545 nonnisi
405 1515 595 1545 coniecturis
620 1514 851 1554 quodammodo
874 1524 892 1544 a
915 1524 965 1543 me
988 1513 1107 1543 definiri
1129 1519 1243 1553 potest.

345 1570 644 1600 Abu-'l'ammamus
668 1569 790 1605 (liabib
813 1568 840 1599 b.
858 1568 947 1606 Aus)
969 1578 1051 1597 anno
1070 1567 1127 1596 192
1143 1571 1247 1598 natus.
1270 1576 1287 1595 e
1303 1571 1402 1605 gente
1412 1565 1491 1595 Thai
1508 1564 1667 1600 oriundus,
1685 1563 1873 1594 adolescens
1889 1561 1917 1590 in
1935 1558 2049 1599 oppido

260 1624 395 1654 Emessa
410 1624 539 1660 [Himz]
557 1622 638 1663 apud
656 1623 804 1654 familiam
820 1622 1098 1656 Ahbd-Alearimi,
1123 1630 1204 1660 quae
1227 1619 1368 1649 eiusdem
1391 1619 1496 1659 gentis
1519 1623 1617 1655 esset,
1641 1616 1905 1650 commorabatur,
1932 1615 2047 1654 quippe

259 1687 351 1717 quam
375 1682 484 1707 contra
509 1676 727 1715 Ahtabahum‚
757 1676 851 1706 filium
877 1674 1129 1712 Abu-Ahzimi‚
1159 1674 1209 1713 qui
1232 1674 1378 1703 familiam
1402 1673 1547 1702 versibus
1576 1672 1831 1712 perstrinxisset,
1861 1667 2050 1699 carminibus

259 1731 393 1761 laudans
427 1731 600 1762 defendere
625 1731 778 1761 studeret.
833 1730 910 1760 Inde
938 1731 965 1759 in
997 1731 1179 1767 Aegyptum
1209 1728 1373 1764 profectus
1412 1728 1500 1766 poesi
1527 1725 1721 1758 excolendae
1754 1734 1882 1764 operam
1906 1723 2045 1753 navavit.

258 1786 304 1815 lbi
327 1785 548 1825 Ahjjaschum,
571 1786 667 1816 fllium
693 1785 845 1815 Lohaiahi
871 1784 1129 1818 Hadhramitam,
1160 1781 1350 1812 carminibus
1374 1781 1556 1819 celebrans,
1589 1789 1682 1819 quum
1714 1779 1885 1808 carminum
1911 1775 2050 1815 praemio

259 1839 375 1877 potitus
397 1848 458 1868 uon
480 1843 578 1876 esset,
603 1839 631 1867 in
656 1838 790 1867 eundem
814 1842 981 1867 mortuum.
1008 1837 1058 1875 qui
1083 1834 1165 1864 haud
1190 1834 1286 1863 multo
1312 1839 1383 1872 post
1406 1834 1637 1872 exspiraverat,
1661 1831 1807 1860 versibus
1828 1830 1974 1858 invectus
1991 1832 2049 1857 est.

259 1891 310 1920 Ex
332 1893 483 1932 Aegypto
505 1892 698 1921 Damascum
722 1892 810 1920 venit
834 1895 864 1919 et
888 1888 1211 1927 Alm-l‘Moghitsum
1234 1887 1359 1915 Musam
1383 1886 1410 1914 b.
1434 1886 1567 1915 lbrahim
1591 1884 1771 1914 Raseihtam
1803 1885 1959 1921 ingratum
1990 1890 2050 1910 ex-

260 1949 367 1983 pertus
390 1945 502 1975 eodem
527 1945 620 1975 modo
643 1945 773 1984 punivit.
816 1945 969 1974 Damasci
991 1943 1193 1980 Mammium,
1216 1950 1369 1970 summum
1395 1941 1632 1979 imperatorem,
1664 1939 1692 1968 in
1715 1938 1811 1976 Syria
1833 1935 1954 1965 versari
1977 1943 2049 1964 cer-

261 1998 318 2028 tior
338 1997 453 2038 sactus,
477 1999 600 2029 duobus
623 1999 652 2028 in
675 2000 744 2029 eius
766 1998 888 2029 laudem
913 1997 1103 2029 carminibus
1127 1995 1323 2034 compositis.
1347 1993 1482 2022 adeundi
1498 1994 1700 2021 occasionem
1718 1990 1890 2030 qnaesivit;
1915 1987 2048 2017 sednon

258 2050 445 2089 impetravit.
487 2052 554 2091 Spe
576 2052 720 2081 deiectus
745 2053 903 2082 Mosulam
928 2053 1023 2081 venit.
1068 2051 1235 2089 Regnante
1260 2047 1505 2084 Almohtazimo,
1527 2046 1578 2085 qui
1596 2054 1678 2074 anno
1691 2043 1924 2082 218i1n1)eriu111
1939 2047 2050 2070 nactus

260 2109 338 2142 erat,
363 2104 391 2133 ia
415 2105 535 2135 lracam
558 2106 688 2135 venisse
712 2106 815 2146 ibique
839 2106 995 2135 mansisse
1018 2105 1141 2134 dicitur.
1166 2104 1267 2133 Hisce
1292 2104 1385 2142 igitur
1408 2102 1502 2131 rebus
1519 2101 1686 2141 diligenter
1701 2099 1876 2139 perpensis,
1901 2097 1970 2136 quis
1989 2099 2049 2132 cst,

260 2158 312 2196 qui
335 2162 408 2186 ante
430 2167 543 2188 anuum
567 2159 630 2189 220
652 2165 776 2198 poetam
798 2160 828 2189 in
853 2159 1071 2189 Chorasanam
1094 2159 1270 2198 profectum
1294 2156 1402 2197 putet?
1448 2156 1543 2194 Quid,
1568 2154 1651 2195 quod
1676 2151 1941 2188 Ahbd-Anahus‚
1967 2148 2050 2179 filius

260 2211 408 2250 'l'haheri,
431 2220 512 2241 antio
535 2213 597 2242 214
619 2223 637 2242 a
659 2213 811 2242 Mamuuo
836 2214 1028 2252 provinciam
1053 2212 1240 2242 obtinuisset
1262 2211 1429 2247 (Abulfed.
1455 2210 1568 2240 Annal.
1587 2210 1622 2238 T.
1643 2209 1680 2238 11.
1701 2218 1728 2247 p.
1750 2206 1835 2244 150),
1860 2203 1942 2245 quid,
1966 2202 2048 2242 quod

259 2265 381 2294 nonnisi
403 2265 543 2304 pluribus
567 2269 656 2296 annis
679 2268 708 2296 in
731 2268 892 2307 provincia
916 2268 1054 2306 peractis
1075 2271 1193 2296 tantam
1220 2266 1415 2296 liberalitatis
1432 2265 1555 2295 laudem
1575 2273 1652 2303 erga
1671 2267 1784 2303 poetas
1800 2261 1910 2290 mereri
1927 2262 2048 2297 posset,

261 2328 343 2358 qnae
365 2319 405 2349 ad
427 2328 521 2349 aures
544 2320 813 2351 Abu—'l'ammami
837 2322 969 2351 veniens
991 2321 1074 2351 hunc
1097 2321 1136 2351 ad
1160 2321 1363 2361 longinquum
1386 2321 1618 2359 molestumque
1642 2319 1700 2348 iter
1722 2313 1955 2353 suscipiendum
1979 2320 2050 2340 mo·-

261 2378 360 2403 veret.
404 2374 438 2403 In
462 2374 624 2403 ltamasae
647 2384 741 2414 opere
759 2377 804 2415 (p.
821 2374 909 2412 391.)
926 2385 1010 2405 mors
1029 2376 1079 2405 lilii
1095 2374 1218 2413 Saihdi,
1244 2375 1295 2414 qui
1318 2374 1346 2403 si
1370 2373 1410 2402 de
1431 2373 1491 2402 viri
1513 2376 1622 2402 aetate
1644 2376 1730 2400 reete
1753 2368 1869 2406 iudico,
1891 2375 1973 2396 anno
1986 2364 2049 2394 217

262 2427 343 2458 diem
366 2437 546 2467 supremum
571 2427 701 2467 obierat,
725 2429 861 2458 carmine
883 2428 1075 2468 deploratur.
1119 2430 1205 2460 Num
1232 2429 1321 2458 brevi
1349 2433 1492 2467 tempore
1519 2431 1591 2466 post
1620 2426 1680 2454 viri
1710 2428 1839 2452 mortem
1870 2429 1995 2451 carmen
2018 2419 2046 2448 in

262 2480 483 2512 bibliothecam
507 2480 683 2511 Hamadani
707 2481 841 2512 intrasse
864 2482 1033 2522 putandum
1056 2487 1118 2523 est,
1139 2493 1180 2513 ex
1196 2491 1259 2522 qua
1276 2482 1314 2512 ab
1329 2481 1609 2510 Abu-'fammamo
1629 2479 1657 2507 in
1673 2478 1833 2506 Hamasae
1845 2482 1926 2513 opus
1940 2478 2048 2503 trans-

263 2535 362 2566 latum
385 2533 451 2566 sit?
473 2536 786 2574 Abu-Tammamus,
810 2545 902 2575 quem
924 2539 956 2567 in
979 2538 1100 2568 lracam
1123 2537 1271 2573 rediisse,
1295 2535 1376 2566 haud
1400 2535 1558 2564 retulerint
1572 2534 1759 2570 scriptores,
1783 2530 1812 2558 in
1830 2529 1894 2567 via,
1919 2532 1953 2557 ut
1974 2525 2047 2556 mihi

263 2589 402 2631 videtur,
423 2599 505 2621 auno
526 2590 588 2621 228
611 2590 761 2622 occubuit
784 2590 954 2627 (Abulfed.
973 2600 1045 2621 ann.
1067 2592 1107 2622 Τ.
1128 2592 1167 2621 11.
1190 2600 1220 2630 p.
1241 2590 1306 2620 178.
1323 2588 1554 2619 Ebu-Challik.
1571 2587 1628 2616 Νι.
1650 2585 1743 2619 tta).
1767 2583 1929 2613 [lamasae
1952 2581 2047 2621 igitur

1814 2635 1833 2655 ι
