2247 2865
924 87 1192 120 -543-

161 187 195 216 3.
224 186 268 216 ΕΙ
293 188 384 226 freni
407 188 531 226 serrum
562 188 725 216 unorum-dit
751 188 782 214 e!
800 187 833 214 in
857 195 891 214 re
919 195 978 214 eun
1007 195 1055 214 me
1087 187 1174 216 vicit.
1209 195 1305 224 quum
1335 186 1396 214 riri
1426 186 1523 222 officii
1552 195 1703 214 memoret
1734 185 1928 223 repellebant

933 243 1047 277 [equos
1069 240 1174 272 suos).

261 307 426 346 Quomodo
454 309 568 340 ructum
595 309 652 346 sit,
678 313 713 339 ut
740 319 856 349 equum
888 309 917 338 in
944 309 1095 347 proeiium
1122 308 1277 338 reducere
1304 316 1365 336 non
1392 309 1542 347 potuerit,
1572 308 1733 338 describit.
1785 309 1820 338 Si
1847 318 1949 348 equus

161 371 251 410 duro,
279 376 313 402 ut
338 372 381 402 ita
407 372 520 413 dicam,
547 382 602 403 ore
628 373 792 413 praeditus
820 373 936 402 serrum
966 371 1043 401 freni
1071 372 1151 400 inter
1178 370 1290 400 dentes
1317 379 1394 400 suos
1420 370 1550 400 tirmiter
1571 375 1670 411 tenet,
1700 381 1800 411 eques
1831 381 1946 410 equum

161 443 265 474 neque
292 444 405 475 regere
432 445 532 474 neque
558 436 586 465 in
615 445 708 465 cursu
737 436 872 464 retinere
901 438 1030 474 potest,
1069 435 1186 472 qnippe
1221 432 1341 462 frenum
1369 442 1428 462 non
1456 433 1591 472 amptius
1618 434 1736 464 efficax
1764 440 1826 466 est.
1880 435 1950 464 Vo-

159 504 197 524 ce
223 495 277 539 '⁵:⁸¹
305 505 391 537 rem,
429 506 508 535 quae
535 506 616 536 equo
645 498 836 536 praestanda
863 502 929 527 erut
946 519 955 537 ,
987 500 1018 526 ut
1047 497 1181 534 equitem
1207 495 1236 524 in
1263 495 1411 534 proelium
1440 495 1627 537 reduceret,
1655 496 1829 537 significari
1862 502 1949 535 puto.

161 558 194 588 ln
223 560 320 590 verbo
340 570 382 606 jn
408 558 490 589 idem
518 561 723 590 construendi
753 560 865 590 modus
894 560 1053 590 adhibitus
1081 563 1154 599 est,
1193 567 1284 597 quam
1321 558 1349 586 in
1379 558 1478 587 verbo
1506 557 1597 588 ωλι.
1650 559 1728 589 Post
1756 559 1887 588 verbum
1917 564 1948 604 o)

162 621 319 650 obiectum
351 630 398 651 sc.
426 630 553 659 equos
590 624 627 651 in
663 632 838 662 pugnam
874 622 1027 651 omissum
1055 625 1116 651 est.
1171 620 1280 649 Voces
1315 608 1440 667 &ake-25
1467 619 1526 657 393
1554 621 1642 649 viros
1671 621 1856 661 designant,
1896 622 1950 660 qui

162 692 214 713 res
239 684 448 722 praestandas
477 685 642 723 perficiunt
669 686 764 715 officii
783 694 948 715 memores.
977 686 1010 714 lu
1038 685 1146 724 lingna
1173 682 1303 712 serioris
1332 686 1485 722 temporis
1507 687 1612 713 autem
1628 693 1729 714 voces
1754 672 1864 712 ωωιεὲἱ
1890 680 1950 722 &³5

163 747 319 786 mysticos
347 752 377 778 et
405 747 486 777 tates
517 748 720 788 significant,
759 749 811 788 qui
848 750 999 778 internam
1037 756 1142 776 rerum
1171 751 1314 776 naturam
1344 752 1608 788 perscrutantur,
1648 752 1803 777 externae
1829 747 1951 787 speciei

164 817 266 838 rerum
294 809 447 839 rationem
477 810 592 852 nullam
623 810 787 839 habentes.

164 905 196 933 4.
228 905 330 944 Eique
358 906 442 943 dia-i,
475 917 570 946 quum
601 907 808 936 calamitatem
836 915 1009 944 perpessus
1038 915 1137 934 essem
1148 912 1159 930 ··
1194 904 1350 942 Quomodo
1381 916 1424 936 ez·
1445 907 1543 934 antico
1570 915 1605 935 se
1632 908 1802 942 separante
1828 905 1952 934 utilitas

949 962 1021 996 capi
1038 962 1143 996 poles!
1154 959 1170 986 ?

262 1028 443 1059 moerorem
469 1039 561 1060 suum
589 1030 628 1059 de
656 1039 690 1059 re
717 1034 907 1059 ostensurus
934 1034 1054 1065 narrat,
1081 1038 1163 1068 quae
1189 1033 1307 1066 postea
1332 1027 1454 1057 fecerit.
1492 1028 1613 1068 Equum
1640 1038 1730 1058 suum
1754 1037 1792 1058 se
1821 1028 1953 1067 vitupo-

164 1099 267 1131 rasse,
293 1091 375 1130 quod
402 1093 503 1131 ipsum
531 1103 549 1122 a
576 1093 688 1132 proeiii
713 1102 826 1131 campo
854 1093 1059 1132 removisset,
1085 1096 1120 1121 ut
1147 1091 1271 1124 amicis,
1300 1101 1318 1121 a
1344 1091 1456 1129 quibus
1483 1096 1654 1130 separatus
1673 1094 1773 1132 esset,
1801 1090 1952 1120 auxilium

167 1164 250 1195 ferre
276 1175 336 1195 non
365 1172 488 1206 posset.
542 1167 626 1197 Fieri
655 1172 784 1207 potest,
812 1172 847 1196 ut.
875 1175 940 1196 vox
966 1163 1038 1203 uel.)
1067 1175 1122 1205 pro
1152 1163 1225 1203 ank?
1247 1151 1297 1206 ἐκ
1323 1165 1407 1195 dicta
1435 1165 1486 1195 sit.
1539 1166 1646 1195 Verba
1670 1164 1722 1204 35,
1750 1170 1812 1196 etc.
1841 1164 1956 1194 obiecti

167 1227 236 1257 ioco
273 1229 372 1258 verbo
399 1228 472 1261 aad}
498 1229 599 1268 (dixi)
634 1236 719 1259 sunt.
773 1231 806 1259 ln
841 1239 924 1259 voce
957 1234 1029 1276 ἅλω
1057 1239 1127 1258 cuni
1164 1229 1336 1258 seiioiiaste
1369 1238 1429 1257 non
1465 1228 1590 1257 omnino
1618 1230 1785 1257 consentio
1813 1227 1951 1263 dicente,

167 1298 297 1320 sensum
326 1300 421 1321 esse:
452 1291 544 1321 Unde
573 1292 644 1321 mihi
674 1293 795 1322 utilitas
823 1302 864 1322 cx
890 1293 1013 1332 amico,
1040 1302 1057 1322 a
1083 1301 1146 1331 qno
1174 1301 1223 1320 me
1250 1293 1402 1330 separavi
1429 1294 1461 1320 et
1487 1290 1643 1329 quomodo
1672 1290 1700 1319 ei
1728 1290 1878 1320 auxilium
1907 1287 1956 1318 fe-

168 1360 246 1392 rani,
273 1362 344 1382 nam
372 1353 402 1382 in
429 1364 528 1383 versu
556 1354 595 1384 de
623 1354 798 1391 commodo,
827 1354 909 1393 quod
938 1354 1066 1395 fugiens
1094 1364 1135 1383 ex
1165 1354 1267 1383 altero
1295 1363 1411 1392 capere
1439 1363 1501 1382 non
1528 1357 1645 1392 potest,
1674 1362 1780 1382 sermo
1801 1361 1861 1381 non
1882 1356 1956 1390 est;

167 1414 225 1444 sed
253 1417 377 1446 nonnisi
405 1416 444 1445 de
470 1416 648 1457 connnodo,
683 1417 764 1456 quod
799 1417 928 1458 fugiens
962 1418 1051 1447 elteri
1079 1419 1109 1446 in
1137 1418 1256 1456 proelio
1295 1418 1467 1447 remanenti
1502 1427 1563 1446 non
1591 1416 1705 1446 adfert.
1758 1415 1957 1454 praepositio

168 1482 273 1507 autem
301 1490 334 1514 ῳ
361 1478 591 1518 quodammodo
621 1480 787 1519 superflua
815 1484 873 1509 est.
926 1479 1007 1510 Sunt
1035 1480 1176 1518 quidam,
1215 1481 1266 1520 qui
1294 1484 1430 1520 negent,
1469 1480 1499 1508 in
1525 1479 1741 1519 propositione
1773 1477 1957 1507 adfirmante

169 1543 434 1581 praepositionem
461 1544 514 1572 tati
543 1543 634 1573 modo
662 1544 800 1573 adhiberi
828 1553 944 1582 possm
979 1543 1036 1573 sed
1067 1545 1242 1583 propositio
1271 1543 1350 1573 haec
1376 1542 1599 1582 interrogando
1628 1542 1808 1570 inserviens
1836 1548 1955 1579 propo-

169 1603 275 1632 sitioni
303 1605 432 1644 neganti
460 1606 618 1634 simittnua
644 1611 693 1635 est
721 1606 866 1635 habenda
894 1606 992 1643 (cons.
1021 1606 1131 1637 Grani.
1161 1606 1216 1635 Ar.
1245 1606 1281 1634 T.
1302 1606 1324 1634 1.
1353 1615 1382 1644 p.
1404 1605 1515 1644 471).
1569 1604 1660 1633 Alter
1689 1602 1814 1644 legendi
1843 1601 1955 1631 modus

167 1677 228 1714 84·
246 1663 312 1705 ϋςῖ,
332 1671 392 1696 cst.
448 1667 522 1696 vox
551 1668 617 1706 ιλρῑ,
644 1670 692 1706 (et
720 1668 887 1706 rediimus)
915 1679 933 1698 e
960 1678 1040 1697 voce
1070 1666 1110 1698 'aa'
1141 1668 1282 1707 pendens
1310 1677 1380 1698 cum
1407 1666 1615 1696 antecedente
1643 1664 1865 1705 coniungenda
1895 1668 1954 1693 est.

171 1728 259 1758 voce
284 1732 359 1774 &443
388 1739 501 1768 equum
536 1739 626 1759 suum
662 1740 834 1760 moerorem
870 1731 1079 1760 manifestans
1114 1731 1304 1772 alloquitur:
1343 1730 1390 1758 'l‘u
1426 1729 1584 1758 oblectare
1621 1728 1737 1766 amico,
1775 1736 1793 1756 a
1819 1735 1878 1765 quo
1907 1735 1957 1755 me

172 1786 352 1828 separasti!
406 1791 561 1820 Nomii-ita
589 1796 694 1821 autem
721 1804 793 1840 &a
820 1793 869 1830 &¹2
903 1794 1013 1833 legens
1042 1793 1150 1822 verbis
1180 1793 1274 1822 talem
1302 1800 1431 1820 sensum
1458 1790 1584 1820 tribuit:
1614 1790 1747 1819 Amicus
1777 1794 1850 1818 tuus
1877 1798 1896 1818 a
1923 1792 1957 1818 te

171 1860 208 1880 se
235 1860 387 1890 separare
412 1855 492 1894 vuit,
520 1861 549 1883 et
577 1865 647 1884 eum
679 1857 716 1885 ab
746 1855 803 1884 hoc
833 1856 966 1885 retinere
994 1854 1123 1884 dii‘ficiie
1151 1856 1221 1883 erit.
1249 1855 1328 1883 'l'uni
1349 1853 1479 1882 aiterum
1508 1851 1633 1892 legendi
1661 1851 1784 1880 niodum
1812 1855 1884 1898 &a
1905 1849 1956 1888 ᾤ,

173 1914 346 1955 adducens,
374 1926 464 1946 snum
493 1918 706 1947 obscuriorem
733 1918 878 1958 quidemn
906 1918 963 1949 scd
992 1917 1156 1957 vulgatum
1186 1926 1263 1945 esse
1291 1915 1374 1944 dicit.
1410 1914 1471 1951 Qui
1501 1922 1570 1942 eum
1597 1913 1739 1953 recipiat,
1767 1922 1839 1942 eum
1867 1912 1958 1951 quie·

176 1984 238 2007 tem
266 1982 376 2017 petere
403 1985 431 2008 et
461 1981 620 2017 invenire;
645 1981 702 2010 sed
731 1991 803 2010 cum
830 1981 859 2009 in
889 1990 921 2009 re
949 1979 1029 2009 haud
1058 1979 1184 2008 occulta
1211 1986 1329 2012 errare,
1357 1975 1496 2006 adhibito
1525 1975 1708 2014 proverbio:
1739 1973 1904 2004 »Ostendo
1930 1976 1960 2002 ei

175 2040 348 2080 (feminae)
375 2042 496 2072 stettam
525 2044 690 2073 obscuram
718 2044 746 2072 in
773 2054 867 2073 ursae
903 2044 1027 2073 maioris
1061 2042 1164 2072 sidere
1198 2048 1296 2078 eaque
1324 2038 1397 2068 mini
1430 2037 1534 2067 lunam
1568 2035 1753 2072 ostendit«,
1789 2034 1958 2074 significat.

175 2104 244 2134 Hoc
275 2106 476 2144 proverbium
511 2107 648 2136 Meidan.
680 2106 734 2135 10.
763 2106 820 2135 26.
849 2106 877 2135 ἰι]
903 2107 1007 2144 priore
1035 2109 1125 2143 parte
1153 2102 1282 2131 diverso
1311 2099 1403 2128 modo
1434 2097 1589 2128 »ostendo
1617 2098 1646 2126 ei
1673 2096 1815 2136 podicem
1841 2104 1956 2124 suum«

176 2164 273 2207 (cons.
302 2167 396 2196 Harir
424 2177 452 2206 p.
481 2166 580 2209 395.)
607 2168 791 2197 adnotatum
820 2172 889 2198 est:
917 2165 974 2195 sed
1004 2167 1032 2195 in
1062 2165 1183 2195 scholio
1209 2162 1339 2193 aiterius
1367 2160 1495 2201 legendi
1525 2159 1605 2189 modi
1633 2160 1820 2188 mentionem
1847 2158 1960 2186 factam

176 2228 366 2258 invenimus,
419 2228 751 2259 Abu-nioinammedes
780 2228 930 2258 Alaiirabi
958 2232 1064 2256 autem
1092 2226 1175 2256 hunc
1203 2223 1350 2253 retenens
1374 2222 1578 2261 proverbium
1607 2221 1785 2257 adnotavit,
1812 2218 1895 2258 quod
1922 2218 1953 2246 in

175 2289 272 2319 rebus
299 2289 388 2319 salsis
415 2290 586 2320 adhibitum
615 2296 644 2319 et
667 2292 695 2320 in
713 2291 862 2320 Meidanii
879 2299 977 2329 opere
997 2298 1058 2318 non
1085 2292 1246 2326 repertum
1275 2286 1375 2325 (conf.
1395 2285 1492 2316 Meid.
1513 2286 1549 2314 T.
1568 2284 1619 2313 111.
1647 2284 1681 2312 P.
1699 2283 1720 2311 1.
1749 2281 1806 2311 Nr.
1827 2279 1959 2338 3041.)

179 2352 288 2382 »Abiit
323 2352 573 2381 Ebu-Feswah
606 2352 636 2380 in
669 2352 868 2382 infortuniis«
909 2351 1025 2381 coliato
1061 2349 1231 2388 proverbio
1259 2347 1296 2378 C.
1323 2347 1364 2387 9,
1395 2347 1451 2377 28.
1483 2342 1564 2390 stab
1591 2340 1719 2379 2⁴2⁶.ss
1747 2340 1850 2372 υἷι-ς’,
1878 2338 1963 2378 ΨΑ.)

181 2415 289 2445 »Abiit
314 2417 345 2445 in
372 2424 475 2444 aerem
501 2424 539 2443 se
571 2414 722 2444 attollens
748 2417 778 2444 in
804 2423 948 2443 summas
975 2413 1169 2453 regiones«,
1197 2411 1246 2440 sic
1272 2410 1414 2440 sortasse
1440 2407 1628 2437 vertendum
1657 2414 1729 2434 esse
1757 2409 1851 2443 puto:
1903 2402 1962 2432 Fi-

177 2477 239 2507 lius
265 2477 391 2517 peditus
418 2477 448 2506 in
475 2486 612 2506 summas
639 2477 789 2517 regiones
816 2477 892 2506 abiit
918 2477 938 2506 i.
964 2485 992 2505 e.
1022 2479 1056 2504 ut
1083 2473 1209 2513 peditus
1245 2471 1275 2501 in
1310 2480 1416 2501 aerem
1444 2478 1480 2498 se
1513 2467 1659 2498 attollens
1695 2465 1877 2501 evanescit,
1915 2463 1964 2493 sic

177 2537 256 2569 haec
282 2539 369 2570 nihili
394 2545 480 2570 suut.
532 2539 631 2570 Vario
657 2542 763 2569 autem
790 2537 882 2568 modo
914 2536 1101 2568 Namiritam
1129 2543 1259 2565 errasse
1286 2531 1458 2564 contendit.
1510 2530 1675 2560 versuum
1702 2533 1866 2558 auctorem
1892 2525 1965 2556 Ka-
