2247 2865
989 106 1031 113 -ν
1089 88 1260 120 ³²4-—

229 191 365 228 pntavit.
395 190 522 220 Versus
551 190 619 229 ipse
648 189 686 218 ihi
716 190 832 219 citatus
860 194 921 220 est:
950 188 1009 218 sed
1035 189 1233 228 exemplaria
1250 189 1388 229 variant,
1417 191 1534 229 quippe
1563 190 1612 229 qui
1635 191 1664 219 in
1691 190 1876 230 quibusdam
1896 203 1955 223 non
1972 194 2022 224 in-

230 252 366 281 venitur.
394 252 429 282 In
456 262 553 292 opere
581 253 649 282 eius
677 261 795 281 versus
824 260 948 290 quoque
974 260 1115 289 sequens
1142 251 1313 281 adnotatus
1342 255 1389 280 est
1410 252 1520 290 (metr.
1537 252 1699 290 Thau-io:
1729 253 1778 282 Et
1805 252 2022 292 desertum,

229 314 346 343 cuius
374 315 565 344 anterior
600 323 698 354 pars
734 314 772 343 id
811 312 1011 352 defendit,
1053 312 1159 352 quod
1197 318 1293 351 post
1329 319 1397 342 est
1427 319 1464 343 et
1493 315 1528 344 in
1557 323 1631 353 quo
1660 324 1736 344 non
1765 315 1925 345 incedit
1956 316 2020 345 vir

230 375 309 404 nisi
350 377 412 414 qui
452 377 645 415 periculo
684 386 730 404 se
759 375 941 414 exponit.
996 373 1058 411 Qui
1084 384 1163 404 vero
1190 375 1220 404 in
1247 385 1346 406 versu
1375 382 1490 415 poetae
1517 377 1617 407 nostri
1645 387 1758 407 vocem
1789 378 1894 407 vocali
1923 377 2023 408 Fatha

227 439 426 477 pronunciat,
452 440 478 467 is
506 438 615 467 vitium
644 441 728 479 &2393
756 448 814 467 seu
847 436 918 477 nljjl
946 446 965 466 a
991 436 1036 465 rei
1064 439 1216 466 metricae
1242 438 1352 476 peritis
1380 439 1571 477 appellatum
1601 440 1771 470 committit
1798 440 1916 477 (cons.
1939 440 2022 470 Dar·

229 500 374 540 stellung
401 500 429 530 d.
459 501 555 530 Arab.
584 501 703 531 Versk.
732 510 762 539 p.
790 499 872 530 328.
901 500 1015 539 seq.);
1054 508 1125 528 raro
1161 499 1242 529 enim
1269 501 1474 530 inveniuntur
1511 503 1638 532 vocales
1665 503 1822 533 Dhamma
1848 508 1881 533 et
1907 503 2022 543 Fama,

232 566 388 599 sequente
416 562 522 591 littera
549 574 582 599 ι,
608 567 682 601 post
709 562 946 592 homoiotelenti
975 562 1109 590 litteram
1136 575 1203 606 25³)
1231 562 1422 601 appellatam
1451 563 1555 592 cons.
1583 563 1654 594 ibid.
1682 574 1711 603 p.
1731 564 1812 594 308.
1831 563 1918 601 seq.)
1946 572 2022 602 per·

231 626 384 651 mutatae.
437 621 596 652 Referunt
623 628 743 661 autem,
770 625 1011 663 grammaticum
1041 624 1274 654 Abu-Ahmru
1302 625 1333 654 b.
1360 625 1476 655 Alahla
1509 623 1588 668 (nat.
1617 636 1698 656 anno
1727 628 1795 667 65,
1823 627 1868 657 68
1895 626 1946 655 vel
1975 624 2020 655 70

228 690 371 714 mortuus
403 685 493 725 154,
526 686 594 716 159
621 686 674 717 vel
706 687 774 717 ¹56
801 687 885 717 conf.
912 687 990 716 Har.
1018 686 1078 717 ἦσθ’
1105 691 1137 717 et
1162 687 1259 718 Meid.
1287 688 1380 727 app.)
1414 688 1551 718 litteram
1578 686 1598 722 ὸ
1625 689 1654 717 in
1681 698 1765 718 voce
1794 686 1875 734 4³59)-
1903 696 2020 718 versus

232 745 384 776 Aliscliae
411 749 521 785 (metr.
550 748 691 788 Camil):
731 750 874 780 Hocce
907 750 970 780 die
1009 755 1152 780 tantae
1179 750 1216 779 ei
1244 758 1365 779 curae
1399 754 1648 790 occurrunt,
1677 755 1719 779 ut
1748 760 1819 789 per
1859 753 2017 779 noctem

224 818 295 839 cor
331 811 422 841 eius
460 816 650 842 tremore
690 818 935 843 commotum
975 814 1053 854 sit,
1080 813 1184 842 vocali
1212 813 1366 842 Dhamma
1396 814 1627 851 pronunciasse
1655 815 1777 842 ratione
1804 812 1884 842 nulla
1913 811 2019 841 habita

221 871 460 902 homoioteleuti
487 882 555 903 cum
583 874 691 904 vocali
716 874 831 904 Fatha.
884 875 1001 904 Poesin
1034 880 1140 905 autem
1167 874 1302 904 llimrani
1338 874 1367 903 b.
1395 874 1546 904 Hithtlian
1572 874 1598 913 ¹)
1633 874 1839 913 Charedjltae
1870 877 2016 912 tanquam

226 934 375 964 licentiae
402 936 583 974 exemplum
612 936 793 974 adduxere,
827 937 858 966 in
885 938 975 967 cuius
1003 936 1193 967 carminibus
1220 935 1365 966 collectis
1393 946 1488 965 unum
1520 937 1716 976 reperiatur,
1754 936 1782 965 in
1810 945 1870 974 quo
1896 933 2017 964 vocalis

224 996 351 1026 litterae
387 997 647 1038 liomoioteleuti,
683 1003 834 1038 sequente
871 1000 975 1029 littera
1002 1011 1035 1036 u,
1073 998 1166 1028 modo
1194 998 1348 1029 Dhamma
1377 999 1469 1028 modo
1497 999 1601 1028 Fatha
1628 999 1678 1029 sit.
1731 999 1854 1028 Initium
1883 997 2018 1026 huiusce

222 1059 368 1089 carminis
396 1065 448 1090 est
476 1062 586 1098 (metr.
616 1061 768 1100 Camel):
806 1062 918 1091 Laus
946 1062 1032 1091 Deo
1067 1061 1147 1100 sit,
1183 1061 1250 1100 qui
1283 1061 1488 1091 condonat
1516 1066 1555 1090 et
1583 1061 1701 1090 cuius
1729 1060 1917 1089 vindicta
1944 1067 2016 1087 ve-

219 1134 385 1164 hemens
423 1140 490 1165 est
524 1135 605 1176 (leg.
631 1119 757 1175 sskiile)
791 1141 824 1166 et
857 1137 888 1166 in
923 1146 961 1166 eo
998 1145 1123 1176 quoque
1160 1136 1296 1176 legitur:
1337 1135 1385 1165 Et
1422 1135 1485 1165 hic
1523 1134 1770 1175 Madjsalius
1809 1136 1838 1165 b.
1872 1135 2013 1164 Tsanr

220 1208 381 1239 fortior
408 1220 528 1250 qnam
567 1211 629 1240 leo
659 1216 749 1241 erat
778 1196 912 1250 (Stat).
964 1212 998 1242 ln
1025 1211 1158 1242 vocibus
1186 1207 1265 1251 ἰν-,Η
1290 1215 1356 1240 ex>
1384 1215 1436 1240 aut
1464 1220 1550 1240 mors
1577 1220 1648 1240 cum
1676 1210 1786 1241 lancea
1812 1214 2015 1248 comparatur

220 1274 285 1311 ant>
313 1271 394 1310 quod
423 1275 527 1312 magis
556 1272 675 1314 placet,
703 1273 900 1303 antecedens
929 1273 1080 1303 omissum
1108 1278 1171 1315 est,
1199 1279 1234 1303 ut
1261 1283 1317 1314 pro
1345 1274 1452 1304 verbis
1480 1274 1561 1303 sint:
1589 1269 1770 1315 ι’),ἱῖινώ
1784 1279 1848 1302 0⁴>
1875 1270 2014 1310 cuspi-

220 1333 306 1363 dem
335 1334 584 1365 lancearum
615 1337 761 1366 mortis
789 1336 870 1366 conf.
899 1347 929 1376 p.
957 1338 988 1366 οἱ*
1014 1346 1046 1366 v.
1072 1336 1105 1366 2.

215 1433 248 1459 ’2.
273 1432 321 1461 Et
341 1434 479 1460 animam
502 1435 596 1461 morli
618 1433 789 1462 liberaliter
811 1437 954 1471 exposui,
980 1435 1084 1473 qualis
1106 1443 1170 1462 non
1191 1437 1310 1472 exponi
1329 1435 1410 1463 solet
1430 1437 1461 1463 e!
1482 1434 1569 1462 dixi:
1594 1432 1783 1472 Tranquillo
1796 1431 1866 1461 sie!
1887 1431 2014 1470 quando

913 1491 981 1517 eins
1003 1490 1107 1525 opinio
1130 1489 1214 1517 mala
1238 1492 1314 1517 erat.

218 1554 249 1581 3.
276 1552 361 1589 Quid
380 1558 483 1583 mtrem
508 1555 579 1584 boni
598 1557 631 1583 in
648 1556 757 1593 opibus
771 1558 827 1589 ecl,
853 1565 934 1593 quae
955 1566 975 1583 a
992 1557 1218 1590 vituperatione
1231 1565 1447 1591 possessorem
1466 1564 1527 1583 non
1545 1557 1676 1584 tuentur
1698 1557 1730 1582 el
1752 1555 1786 1582 in
1808 1555 1914 1581 anima
1940 1554 2007 1584 viri,

738 1619 831 1647 quam
859 1611 887 1637 in
911 1611 943 1637 in
967 1610 1069 1646 officio
1091 1611 1160 1638 eius
1183 1610 1272 1637 haud
1291 1609 1484 1646 levipendil?

316 1677 420 1715 Quam
447 1677 640 1708 fortitudinis
671 1687 750 1708 suae
779 1678 1025 1717 descriptionem
1054 1679 1234 1718 inceperat,
1269 1689 1338 1708 eam
1367 1678 1525 1717 perficere
1552 1680 1667 1720 pergit.
1719 1679 1837 1710 Similis
1865 1677 2010 1717 loquendi

213 1740 326 1771 modus
354 1747 424 1779 est,
462 1742 513 1781 qui
542 1742 571 1770 in
598 1742 684 1772 initio
716 1751 834 1771 versus
862 1752 892 1780 p.
919 1742 948 1770 ‘tr
977 1741 1055 1770 infra
1084 1741 1284 1770 observatur.
1340 1741 1461 1771 Poetae
1491 1752 1614 1782 quoque
1643 1743 1778 1772 animam
1807 1746 2008 1780 trementem,

219 1803 479 1840 quemadmodum
508 1804 655 1833 videmus
684 1814 713 1843 p.
741 1803 776 1833 5²1²
805 1814 835 1833 v.
868 1803 895 1833 l.
925 1806 956 1833 et
982 1806 1024 1832 lm
1050 1812 1082 1833 v.
1112 1803 1166 1843 4.,
1194 1802 1395 1841 alloquuntur
1423 1809 1456 1833 et
1483 1804 1521 1833 ad
1549 1805 1732 1844 patientiam
1758 1805 1911 1835 reducere
1936 1809 2009 1833 stu-

214 1864 300 1892 dent.
351 1863 504 1894 Summae
531 1870 638 1894 autem
667 1865 860 1895 fortitudinis
898 1866 1043 1896 indicium
1078 1870 1150 1903 est,
1188 1864 1270 1904 quod
1304 1865 1352 1893 vii·
1380 1865 1408 1893 in
1434 1865 1634 1895 defendendo
1661 1866 1782 1896 honore
1808 1872 1839 1896 et
1869 1876 1948 1905 opes
1977 1871 2010 1895 et

216 1925 312 1955 vitam
341 1926 432 1965 parvi
460 1926 538 1957 facit
566 1933 599 1956 et
626 1927 706 1957 hanc
733 1937 797 1957 rem
823 1928 882 1956 sibi
909 1928 1032 1968 gloriae
1059 1937 1121 1956 non
1148 1927 1244 1956 ducit.
1274 1927 1393 1957 Contra
1408 1937 1445 1956 se
1461 1927 1615 1968 gloriandi
1632 1929 1899 1967 vituperationem
1913 1934 2008 1967 poeta

212 1987 300 2016 hisce
328 1989 436 2018 verbis
465 1999 501 2018 se
529 1989 682 2019 defendit.
720 1989 862 2020 Similem
891 1995 995 2020 autem
1023 1990 1212 2020 sententiam
1241 1990 1323 2020 atius
1351 1992 1445 2028 poeta
1471 1990 1681 2028 sequentibus
1710 1975 1874 2030 expressit
1896 1994 2006 2029 (metr.

210 2049 373 2088 'l‘hawil):
412 2051 597 2081 Animam
633 2061 744 2081 suam
773 2053 877 2081 bene
905 2051 1163 2081 custoditam
1193 2052 1393 2090 periculo
1431 2052 1626 2091 exponit,
1663 2053 2004 2092 quotiescunque

210 2113 312 2140 etus
340 2112 610 2151 exponendae
637 2112 835 2143 officium
864 2123 969 2143 esse
997 2118 1128 2152 putat.

1007 2208 1161 2242 CXX}
1170 2209 1227 2242 x.

948 2275 1087 2308 Idem
1117 2275 1255 2309 dixit.

208 2338 278 2379 (ιι.
315 2338 436 2381 ¹82⁶.)
490 2341 515 2370 1.
551 2342 684 2370 Abiietia
718 2346 748 2370 e!
780 2341 822 2370 ml
849 2345 1023 2379 principem
1056 2353 1109 2372 vos
1141 2345 1321 2374 contulistis
1355 2345 1520 2374 dr'renles:
1557 2345 1727 2375 Sermones
1760 2345 1945 2383 reIIquimcm
1974 2347 2003 2372 et

931 2405 1058 2424 cnrm’m
1082 2398 1274 2434 dispositam.

304 2462 443 2493 Gentem
471 2465 634 2502 vituperat
661 2473 764 2502 suam,
794 2473 873 2502 quae
901 2464 1003 2503 ipsum
1033 2465 1150 2494 auxilio
1178 2465 1358 2496 destituerit
1386 2465 1486 2497 falsos
1507 2472 1693 2506 praetextus
1709 2474 1872 2507 quaerens.
1912 2465 1999 2495 Faus}

220 2571 250 2602 1>
270 2573 305 2596 ne
325 2573 447 2597 llunrano
469 2574 492 2596 b.
512 2574 637 2597 mentham
658 2573 772 2597 tir-usna
789 2573 913 2597 conseras
933 2573 1161 2605 Cimb-Alagma?
1179 2579 1205 2599 et
1224 2576 1314 2600 Abutt.
1335 2579 1403 2601 Ana.
1423 2578 1451 2600 Τ.
1472 2577 1492 2600 Ι.
1511 2583 1536 2606 ιι.
1556 2577 1618 2600 381.
