2247 2865
1063 112 1147 135 xvm

217 203 275 226 sus
295 194 362 226 libri
384 199 506 235 partem
529 205 592 226 non
607 204 684 226 esse
699 194 717 227 i.
741 205 768 225 e.
796 196 836 225 ab
860 195 1139 226 Abu-'rammam
1162 197 1190 243 in
1215 196 1380 226 Hamasae
1403 206 1482 236 opus
1507 201 1656 237 receptos
1679 206 1739 227 non
1761 206 1843 234 esse,
1870 197 2016 239 legimus·

220 249 313 288 Quod
336 251 365 279 si
395 259 507 279 verum
532 255 595 288 est,
620 250 784 280 'rebrisius
809 250 1024 289 negligentiae
1055 251 1253 280 accusandus
1284 261 1346 281 non
1371 257 1439 289 est,
1461 252 1544 292 quod
1568 253 1705 282 caeteris
1728 252 1845 282 additis
1869 251 2016 282 versibus

218 304 440 334 adnotationes
464 305 665 334 necessarias
688 304 820 339 addere,
845 304 1037 343 neglexerit;
1063 305 1119 334 sed
1142 310 1249 343 partes
1272 305 1429 346 integras,
1453 307 1478 336 si
1503 317 1563 336 non
1586 316 1696 336 omnes
1719 307 1865 346 singulos
1890 306 2015 336 additos

219 366 348 396 versus,
370 359 402 387 in
425 357 590 387 Hamasae
612 357 747 386 editione
771 356 903 396 quadam
927 361 1000 386 ante
1024 357 1202 387 'l'ebrisium
1226 361 1405 399 exstitisse,
1427 361 1617 391 concludere
1639 361 1719 390 licet.

301 413 336 442 Iu
360 413 553 451 praefatione
568 411 681 441 Latina
697 412 795 440 textui
813 410 952 439 Arabico
969 412 1144 449 praemissa
1167 412 1278 450 viginti
1303 412 1465 442 Hamasae
1489 416 1733 444 commentarios
1753 414 1918 444 exstitisse
1942 412 2015 443 dixi.

219 466 305 497 Inter
326 471 455 495 veteres
481 467 640 495 Hamasae
666 465 853 503 interpretes
877 464 1034 504 insignem
1058 464 1156 493 locum
1182 469 1319 504 occupat
1342 466 1582 506 Abu-Rijasch,
1605 469 1637 496 in
1660 468 1822 497 Hamasae
1851 475 2017 496 commen-

219 523 300 551 tario
324 521 493 559 Alrijasclii
514 519 723 558 (Rijaschitffl
746 528 870 558 quoque
893 518 1080 556 adpellatus.
1124 519 1251 549 Nomen
1274 520 1332 549 viri
1356 520 1394 549 ab
1418 521 1698 551 Ebu-Challikano
1722 521 1799 550 Nro.
1827 520 1900 550 320.
1927 519 2018 548 Abu-

220 566 345 605 l'Fadhl
369 574 530 604 Alahbbas
554 575 580 604 b.
605 572 746 611 Alfaradj
771 572 940 611 Alrijaschi
963 575 1202 612 grammaticus,
1219 575 1480 614 lexicographns,
1497 576 1671 606 Bazrensis
1693 575 1849 607 scribitur.
1892 574 2018 604 Nomen

221 629 351 668 Rijasch
375 630 413 658 ab
426 638 487 658 avo
511 629 570 658 viri
584 639 600 658 e
613 632 707 669 gente
720 627 873 666 Djodsam
891 628 1026 667 oriundi,
1050 630 1140 658 cuius
1155 638 1271 659 servus
1286 634 1375 667 pater
1392 631 1591 670 grammatici
1613 631 1709 660 nostri
1733 635 1813 670 erat,
1831 635 1933 660 ortum
1957 633 2017 659 est.

220 683 392 713 Bazrensis
417 683 591 722 adpellatus
616 687 676 722 est,
699 687 761 711 tum
787 682 871 721 quod
892 682 920 711 in
944 682 1057 722 oppido
1081 684 1183 712 Bazra
1207 683 1421 720 habitaverat.
1446 688 1510 712 tum
1528 683 1609 723 quod
1632 686 1906 723 grammaticorum
1929 684 2017 712 Baz-

221 739 356 768 rensium
381 738 543 768 doctrinae
566 737 828 766 adhaereseebat.
850 737 1018 775 Magistris
1041 737 1240 776 Alazmaiho,
1262 736 1546 766 Abu-Obbaidaho
1571 738 1704 776 aliisque
1728 747 1805 767 usus
1829 742 1888 767 est.
1933 737 2017 765 luter

222 794 395 833 discipulos
418 795 497 829 eius,
521 794 571 832 qni
596 793 700 832 plures
723 795 822 830 erant,
847 791 949 830 gloria
972 792 1225 831 auctoritateque
1256 791 1508 820 Ebu-Domitius
1534 791 1671 831 insignis
1696 796 1763 821 erat
1792 790 1894 829 (conf.
1923 791 2016 819 Ham.

221 847 291 878 588.
315 849 333 877 l.
355 848 383 878 7.
406 853 439 877 et
460 848 592 887 praefat.
616 847 654 876 ad
677 846 901 876 Ebu—Doraidi
918 847 1133 877 Makzuram).
1178 845 1295 876 Rerum
1312 846 1429 874 notitiis
1443 845 1608 875 abundans
1621 846 1684 875 fide
1698 846 1902 886 dignissimus
1915 845 2017 874 habe-

221 902 321 933 batur.
363 901 675 938 Ebu-Challikanns,
698 912 767 931 eum
784 911 865 930 anno
877 900 949 938 257,
973 910 1034 940 qno
1047 898 1264 937 Aethiopes&
1289 899 1316 927 in
1341 899 1416 927 urbe
1435 899 1540 928 Bazra
1563 899 1679 937 rapinis
1703 903 1734 928 et
1756 898 1856 928 caede
1881 906 2016 938 grassa-

221 959 344 994 rentur,
376 960 521 984 necatum
545 964 619 984 esse
642 959 752 984 auctor
773 959 839 991 est3
876 953 932 983 sed
956 953 1116 983 Abulfcda
1139 954 1168 983 in
1191 953 1368 982 Annalibus
1398 955 1454 991 (T.
1486 954 1523 982 ll.
1554 964 1584 993 p.
1612 953 1701 987 240.)
1732 962 1803 982 eum
1836 961 1917 980 atino
1946 951 2018 980 258.

222 1014 376 1039 mortuum
401 1019 475 1039 esse
499 1010 616 1039 retulit.
657 1009 959 1040 Ebu-Challilianus
982 1009 1041 1038 viri
1065 1017 1160 1047 opera
1184 1007 1266 1037 haud
1290 1010 1466 1046 recensuit,
1492 1008 1547 1038 sed
1562 1018 1601 1038 ex
1626 1008 1788 1037 Hamasae
1812 1006 1881 1035 loco
1904 1015 1932 1044 p.
1947 1004 2017 1034 412.

224 1064 302 1103 1.9.‚
326 1074 395 1094 eum
421 1065 690 1103 commentarium,
715 1074 774 1104 quo
796 1065 960 1094 Hamasae
977 1072 1057 1102 opus
1081 1063 1266 1102 explicaret,
1284 1064 1455 1102 scripsisse
1483 1063 1721 1103 cognoscimus.
1767 1060 1876 1090 Multis
1892 1068 2019 1099 quoque

223 1127 242 1148 e
263 1119 353 1156 locis,
378 1127 459 1158 opus
480 1118 554 1148 illud
577 1119 673 1148 rebus
696 1118 735 1148 de
757 1117 941 1148 auctoribus
964 1117 1135 1146 carminum
1159 1119 1313 1155 ausisque
1337 1118 1471 1146 narratis
1497 1117 1701 1154 excelluisse,
1726 1119 1825 1154 patet.

306 1171 441 1209 Optimis
464 1172 626 1201 Hamasae
643 1171 862 1210 interpretibus
883 1171 951 1199 sine
975 1170 1067 1199 dubio
1090 1173 1321 1210 grammaticus
1345 1173 1536 1211 cognomine
1560 1170 1757 1209 Ebu-Djinni
1782 1173 1874 1199 notus
1899 1177 2019 1197 accen-

222 1225 340 1255 sendus
369 1232 428 1257 est.
471 1226 506 1254 In
530 1226 692 1255 liamasae
724 1226 949 1255 commentario
981 1226 1105 1254 nomine
1131 1224 1329 1256 Abu-l'Fath
1360 1235 1459 1265 saepe
1487 1226 1611 1256 citatur.
1654 1226 1782 1255 Nomen
1812 1223 1967 1254 Olitsman
1990 1221 2017 1250 b.

222 1279 326 1318 Djinni
350 1289 468 1319 gerens
491 1284 563 1308 ante
586 1289 700 1309 annum
723 1278 786 1309 330
815 1278 845 1308 in
876 1278 990 1317 oppido
1019 1279 1128 1309 Mosul
1158 1284 1250 1309 natus
1282 1284 1341 1310 est.
1387 1280 1596 1310 Grammatici
1625 1278 1823 1308 celeberrimi
1852 1275 2018 1306 Abu-Ahli

222 1334 361 1364 Alsaresi
385 1333 560 1373 discipulus
584 1343 664 1363 anno
686 1331 747 1362 39⁴2
782 1333 812 1363 in
835 1332 910 1362 urbe
932 1332 1064 1372 Bag-<lad
1089 1334 1169 1364 diem
1191 1344 1372 1374 supremum
1406 1336 1491 1365 obiit.
1533 1335 1567 1363 In
1595 1334 1801 1374 grammatica
1823 1335 1854 1361 et
1886 1340 1920 1360 re
1949 1339 2019 1359 me-

222 1388 298 1417 trica
332 1386 493 1417 doctrinae
529 1387 620 1426 copia
649 1386 813 1417 excellens
844 1386 948 1415 multis
984 1381 1130 1426 operibus
1161 1389 1345 1427 compositis
1374 1398 1522 1428 magnam
1545 1388 1676 1427 gloriam
1701 1390 1813 1416 nactus
1834 1389 1892 1415 est.
1936 1384 2020 1413 Inter

222 1451 318 1482 opera
341 1441 379 1471 ab
403 1440 684 1471 Ebn-Cliallikano
707 1442 786 1471 Nro.
809 1440 879 1470 423.
903 1442 1061 1471 recensita
1083 1451 1271 1482 quamquam
1296 1443 1458 1472 Hamasae
1483 1441 1728 1472 commentarius
1752 1441 1855 1469 locum
1878 1448 1938 1467 non
1959 1437 2020 1467 ob-

221 1496 323 1535 tinuit,
346 1500 451 1526 tamen
476 1501 538 1526 tum
561 1506 578 1525 e
603 1497 692 1537 locis,
716 1506 797 1537 quos
820 1497 932 1527 beatus
955 1496 992 1526 de
1012 1497 1142 1536 Sacyus
1166 1506 1206 1526 ex
1228 1497 1438 1536 Ebu-Djinnii
1460 1496 1682 1526 commentario
1706 1494 1880 1532 exemplari
1897 1493 2020 1521 Hama-

222 1560 279 1581 sae
302 1552 481 1591 adscripsit,
512 1556 576 1581 tum
604 1562 621 1580 e
644 1552 783 1591 pluribus
811 1552 840 1582 in
871 1552 1005 1582 Tebrisii
1034 1551 1258 1582 commentario
1288 1551 1364 1580 locis
1394 1549 1630 1579 occurrentibus
1661 1552 1824 1578 auctorem
1856 1547 2018 1576 Hamasae

222 1609 481 1636 commentarium
512 1606 684 1645 scripsisse
724 1610 845 1636 certum
882 1611 942 1636 est.
998 1605 1267 1636 Commentarium
1297 1604 1505 1644 grammatica
1535 1602 1762 1642 interpretandi
1794 1601 1935 1639 ratione,
1967 1599 2018 1628 cui

222 1667 331 1692 auctor
354 1662 554 1701 praecipuam
580 1671 707 1700 operam
731 1661 834 1700 daret,
857 1661 1066 1698 excelluisse,
1091 1669 1109 1689 e
1132 1659 1209 1689 locis
1233 1658 1291 1687 illis
1313 1658 1382 1687 sole
1406 1657 1519 1687 clarius
1542 1661 1602 1685 est.

305 1718 469 1747 Paululum
495 1718 615 1747 seriore
639 1720 780 1755 tempore
795 1716 950 1754 interpres
973 1715 1136 1745 Hamasae
1152 1714 1358 1743 vehomenter
1375 1712 1553 1741 laudandus
1568 1709 1876 1741 Schehab-Aldinus
1894 1707 2019 1738 Alimed

222 1771 250 1801 b.
275 1770 477 1801 Moliammed
501 1771 528 1800 b.
553 1770 693 1799 Alhasan
717 1770 743 1799 b.
768 1769 840 1798 Ahli
865 1768 1053 1807 Alizpahani
1078 1768 1258 1798 Almersuki
1282 1767 1507 1807 grammaticus
1530 1766 1622 1802 vixit,
1636 1765 1727 1794 cuius
1749 1765 1778 1793 in
1802 1762 2020 1793 Ebn—Challi-

223 1824 294 1855 kani
317 1834 412 1864 opere
434 1825 518 1854 nulla
541 1833 671 1863 prorsus
695 1825 812 1852 mentio
828 1822 912 1852 facta
933 1826 993 1852 est.
1038 1821 1226 1860 Cognomen
1242 1821 1429 1850 Marsuki
1452 1829 1546 1859 quum
1563 1821 1593 1849 in
1611 1828 1706 1858 opere
1731 1818 1895 1848 Taalebi
1919 1825 2019 1856 syn-

223 1885 356 1920 tagma
379 1880 541 1918 inscripto.
566 1878 648 1918 qnod
672 1878 721 1906 vir
745 1877 949 1906 doctissimus
972 1877 1152 1906 Valeton
1177 1875 1324 1915 Lugduni
1348 1876 1542 1904 Batavorum
1564 1882 1646 1902 anuo
1672 1872 1751 1902 1844
1775 1871 1882 1908 edidit,
1912 1871 2017 1910 expli-

223 1938 329 1963 catum
352 1943 411 1963 non
437 1933 489 1971 sit,
503 1932 584 1971 quod
609 1931 647 1960 de
668 1940 706 1960 eo
729 1930 897 1969 proferam,
923 1930 1000 1959 certi
1012 1930 1054 1959 nil
1076 1930 1191 1959 habeo.
1233 1930 1382 1959 Virorum
1400 1938 1512 1959 nomen
1529 1929 1691 1958 Mersuk
1713 1928 1814 1958 fuisse
1826 1923 2020 1965 invenimiis3

223 1994 413 2029 quapropter
436 1987 661 2027 grammaticus
686 1990 793 2015 noster
815 1986 861 2015 sic
883 1985 1031 2025 appellati
1054 1986 1113 2014 viri
1136 1989 1189 2014 aut
1211 1985 1310 2014 cliens
1334 1988 1389 2012 aut
1412 1983 1543 2012 libertus
1565 1982 1664 2012 fuisse
1691 1981 1823 2011 videtur.
1867 1981 2018 2020 Discipu-

221 2044 285 2073 lum
304 2042 500 2081 grammatici
523 2040 714 2071 celeberrimi
737 2039 931 2070 Abu-Ahlii
954 2038 1093 2068 Alfaresi
1117 2048 1187 2068 eum
1212 2039 1325 2078 fuisse,
1344 2041 1416 2076 post
1439 2037 1528 2066 cuius
1552 2039 1686 2065 mortem
1708 2035 1965 2065 commentarium
1988 2035 2018 2064 in

223 2097 386 2127 Hamasae
409 2105 487 2134 opus
509 2095 684 2134 scripserit,
708 2104 726 2124 e
748 2094 902 2123 nonnullis
925 2093 1003 2122 locis
1026 2092 1243 2122 commentarii
1275 2090 1491 2120 concludimus
1518 2094 1549 2119 et
1579 2090 1711 2119 scholae
1740 2089 2017 2130 grammaticorum

224 2152 434 2183 Bazrensium
462 2151 620 2182 addictum
646 2161 717 2181 eum
743 2151 844 2181 fuisse
883 2149 968 2179 haud
1011 2149 1202 2180 dubitamus.
1254 2148 1396 2178 Plurium
1421 2147 1589 2183 librorum,
1616 2150 1652 2176 ut
1677 2143 1776 2193 ’,(ὶϋῖἱ
1803 2142 1902 2186 ῳὶκέ,
1930 2141 2018 2182 ,μυί

225 2208 345 2262 {nea-uili
373 2212 447 2262 εγὼ
465 2216 497 2240 et
516 2206 623 2249 eya-4035
651 2207 748 2255 Ulyxe
774 2209 999 2248 inscriptorum
1025 2212 1188 2238 auctorem
1207 2217 1277 2237 eum
1294 2206 1407 2246 fuisse,
1424 2205 1539 2244 quippe
1555 2205 1606 2243 qui
1631 2205 1661 2234 in
1678 2205 1901 2234 commentario
1928 2193 2018 2234 citati

224 2272 300 2311 sint,
327 2270 514 2302 invenimus,
555 2270 688 2299 Praeter
713 2269 813 2299 hosce
840 2268 938 2297 libros
965 2266 1228 2298 commentarium
1245 2266 1276 2295 in
1302 2265 1443 2295 carmina
1458 2260 1610 2301 wtffkms‘zLi
1627 2264 1786 2303 appellata
1798 2260 1896 2307 (conf.
1918 2271 1947 2301 p.
1964 2257 2016 2304 3.)

244 2362 274 2394 1)
295 2364 373 2386 Anno
389 2363 444 2386 255
465 2363 505 2386 vir
529 2361 631 2392 quidam
658 2362 718 2385 Ahli
742 2361 772 2392 lb.
800 2342 971 2385 Moliammed·
996 2358 1166 2390 adpellatus,
1200 2357 1244 2387 qni
1281 2356 1418 2387 regionem
1450 2355 1519 2386 apud
1554 2357 1665 2380 Bazram
1699 2353 1867 2379 incolentium
1895 2359 2020 2383 magnum

294 2415 432 2432 numerum
445 2407 602 2437 Aethiopum
614 2414 704 2430 secum
715 2407 903 2436 coniunxerat,
923 2405 1015 2429 turbas
1027 2404 1117 2428 movit.
1152 2404 1186 2426 Se
1205 2403 1356 2433 proplietam
1377 2408 1439 2425 esse
1458 2405 1485 2426 et
1503 2403 1572 2427 Alilii
1592 2403 1665 2426 illius
1692 2402 1802 2425 celebris
1828 2400 1948 2430 partibus
1975 2400 2019 2423 sa-

291 2468 356 2486 vere
375 2462 444 2485 inter
462 2461 580 2485 homines
599 2459 798 2491 divulgaverat.
833 2462 907 2485 Haec
932 2466 976 2484 res
1000 2460 1026 2482 in
1054 2465 1136 2482 causa
1161 2460 1211 2488 est,
1231 2464 1278 2481 cur
1304 2458 1336 2481 ab
1364 2457 1495 2481 historicis
1514 2449 1596 2503 535⁴„
1613 2448 1731 2490 ..a->bo
1745 2454 1920 2483 »Aethiopum
1949 2455 2020 2478 dux«

291 2513 507 2542 cognominetur.
544 2513 657 2543 Agmine
675 2519 724 2536 suo
743 2511 899 2543 praesertim
919 2510 944 2534 in
963 2509 1101 2540 provincia
1120 2508 1234 2532 Balirain
1252 2510 1333 2531 aucto
1352 2514 1423 2532 anno
1441 2508 1496 2531 257
1525 2509 1636 2531 Bazram
1665 2505 1815 2534 occupavit,
1835 2510 1887 2534 qua
1905 2504 1929 2528 in
1954 2504 2020 2528 urbe

292 2564 340 2589 per
360 2559 449 2587 plures
468 2559 523 2581 dies
543 2559 650 2588 rapinae
668 2559 770 2582 fiebant
788 2558 948 2587 caedesque.
985 2557 1036 2579 Per
1053 2556 1143 2585 plures
1161 2560 1237 2584 quam
1251 2554 1453 2583 quatuordecim
1471 2560 1556 2577 annos
1575 2553 1599 2577 iu
1611 2552 1661 2576 isto
1680 2551 1777 2582 agendi
1789 2550 1866 2574 modo
1881 2551 2020 2581 pergebat,

294 2603 377 2627 donec
395 2607 466 2626 anno
485 2602 540 2625 270
559 2603 731 2626 occidebatur
749 2602 837 2626 conf.
857 2601 949 2625 Abulf.
968 2601 1036 2624 Anu.
1055 2600 1083 2624 Τ.
1102 2600 1135 2623 ll.
1154 2606 1179 2630 p.
1198 2601 1261 2626 228.
1280 2600 1344 2624 234.
1363 2601 1430 2626 238.
1448 2601 1514 2624 253.
