2247 2865
946 100 1214 132 -259-

183 198 269 230 dium
294 201 325 229 in
351 198 496 230 abeundo
523 197 623 230 videt.
653 197 877 238 Reprehensio
904 199 987 230 enim
1017 198 1113 230 invidi
1141 209 1159 231 ι
1185 203 1330 240 proximo
1354 201 1510 241 incipiens
1538 202 1578 232 ad
1606 205 1779 242 proximum
1797 208 1913 247 pergit,
1941 212 1973 238 ut

163 260 224 290 'ab
253 260 360 291 invido
380 261 612 292 remotissimus
638 271 657 292 n
683 261 921 301 vituperatione
936 262 1072 293 maxime
1087 270 1222 292 securus
1242 262 1294 296 sit.
1321 263 1409 293 Dixit
1423 272 1548 303 quoque
1565 265 1670 295 Arabs
1687 267 1827 304 quidam:
1860 269 1917 300 »Si
1944 270 1972 299 in

185 322 329 354 domibus
353 323 485 354 invicem
512 323 624 354 remoti
653 324 744 364 estis,
773 333 882 355 amore
908 324 990 354 iuter
1016 334 1077 354 vos
1105 324 1271 364 propinqui
1298 324 1420 354 erius.«
1452 325 1577 356 Vocem
1593 324 1683 366 &wille
1701 327 1800 357 locum
1829 330 1973 361 nomina-

184 385 241 416 uvi
269 391 379 417 tenere
405 385 514 416 dicunt
539 395 558 416 e
584 386 684 416 verbo
711 384 783 432 ⁸5⁶5
813 386 980 426 pendentis
1009 386 1061 424 (ut
1098 385 1137 416 sit
1176 395 1232 424 pro
1267 384 1347 426 „ezidi
1374 384 1447 433 15⁹5
1488 387 1596 417 conf.
1633 397 1663 417 v.
1694 389 1768 430 4.)2
1798 390 1868 420 dum
1907 399 1973 422 vox

184 444 284 489 lost-⁵⁹·
318 454 374 479 aut
408 454 527 480 statum
562 445 667 488 (Ab)
697 449 849 490 designet
878 454 934 480 aut
960 449 1144 480 accuratius
1175 448 1354 478 definiendo
1389 446 1510 496 (jam-a)
1543 447 1642 492 (cous.
1675 451 1818 482 scholion
1856 463 1972 484 versus

184 510 287 549 quarti
313 515 346 540 et
373 510 484 542 Grani.
513 511 570 541 Ar.
597 512 636 542 Τ.
663 512 701 541 11.
728 521 758 551 p.
792 509 860 542 113
887 507 975 554 etc.),
1005 510 1034 540 id
1062 509 1146 550 quod
1184 508 1426 549 praeferendum
1461 511 1608 550 videtur,
1646 512 1811 544 inserviat.
1853 514 1972 544 similis

186 572 334 612 loquendi
359 572 472 604 modus
500 573 530 603 in
557 573 685 605 Corano
712 574 786 604 Sur.
815 574 848 612 4,
876 573 933 603 81.
961 573 1130 603 invenitur.

184 678 214 707 2.
239 677 327 708 Deus
349 677 504 708 ,Hills-ano
527 679 748 719 calamitatem,
773 689 835 719 qua
858 689 906 708 me
928 680 1064 717 adflixit,
1085 688 1145 716 pro
1167 688 1215 708 me
1237 679 1399 718 rependat,
1422 681 1483 708 etsi
1499 684 1653 716 cognatus
1672 691 1759 711 mem
1775 685 1972 720 propinquus

923 736 954 761 et
975 731 1151 761 tirunculus
1172 735 1229 761 est.

282 801 353 832 Hoc
380 811 478 833 versu
506 811 606 833 causa
633 801 697 832 dati
725 802 846 833 consilii
873 803 1064 832 continetur.
1092 802 1194 832 Poeta
1220 812 1239 832 a
1266 809 1419 843 coguato7
1446 802 1494 832 eui
1520 812 1634 833 nomen
1652 803 1796 845 Milizan,
1823 804 1972 836 adflictus

183 861 298 893 suerat.
328 863 433 894 Iluius
459 864 725 905 propinquitatem
751 874 845 904 quum
872 863 1026 906 fugisset,
1053 874 1186 902 securus
1214 870 1292 895 erat.
1321 865 1472 895 Scholion
1502 866 1602 897 verba
1620 864 1661 894 am
1689 878 1774 915 252³?
1798 868 1971 908 »rependat

185 920 315 955 Deusl«
360 926 467 957 verbis
499 927 547 956 »si
574 927 686 957 bonum
713 928 805 966 bono,
832 928 880 958 sin
907 927 1023 958 malum
1051 929 1155 958 malo«
1184 932 1272 958 reete
1310 929 1492 968 explicasse
1526 938 1587 958 nou
1622 934 1717 971 puto3
1757 930 1786 960 iu
1820 931 1971 961 versibus

182 991 266 1020 enim
302 990 426 1020 nonnisi
453 989 492 1020 de
520 990 599 1020 malo
627 1000 734 1021 sermo
762 996 823 1022 est.
852 991 897 1021 Se
926 1000 986 1020 non
1014 991 1137 1021 ulturus
1173 1001 1240 1021 rem
1274 1000 1363 1022 suam
1400 993 1468 1022 Deo
1502 993 1606 1023 tradit.
1647 993 1731 1024 Voci
1770 999 1876 1024 autem
1912 993 1972 1035 gs

181 1053 327 1084 scholion
353 1055 526 1094 specialem
553 1055 773 1094 patruelis
800 1054 1067 1096 significationem
1095 1054 1214 1091 tribuit,
1242 1058 1275 1083 ut
1302 1053 1422 1092 duplex
1450 1060 1482 1085 et
1508 1065 1526 1084 a
1553 1056 1653 1094 patris
1673 1061 1740 1086 eta
1757 1057 1865 1086 matris
1880 1063 1972 1097 parte

183 1116 285 1155 (voce
310 1117 400 1156 ,ἑὲ-’5)
429 1118 581 1157 cognatio
615 1116 799 1157 significata
825 1117 874 1146 sit.
908 1117 942 1146 ln
967 1117 1082 1146 scholii
1109 1116 1249 1146 secunda
1282 1117 1363 1147 linea
1390 1127 1446 1156 pro
1474 1127 1553 1148 voce
1582 1117 1691 1156 „fg-mil
1720 1129 1789 1149 cum
1816 1120 1972 1149 Mersnkii

180 1177 290 1208 codice
319 1177 429 1217 -ae-*ss-'l
459 1178 629 1220 legendum
654 1185 740 1218 puto.
1031 1215 1042 1229 ι

179 1275 212 1305 3.
236 1275 331 1312 Quod
349 1285 385 1305 eo
407 1284 470 1305 non
492 1279 563 1305 utor
584 1279 616 1304 et
638 1275 676 1305 ab
699 1285 734 1305 eo
757 1277 872 1305 absens
894 1285 981 1311 enm,
1003 1279 1140 1314 pectoris
1162 1280 1232 1308 eius
1255 1278 1377 1307 morbos
1399 1281 1534 1307 removet
1553 1281 1584 1307 et
1610 1282 1720 1308 mutua
1748 1268 1970 1316 propinq'uitas

714 1332 914 1367 asperitatem
937 1334 968 1360 et
988 1335 1131 1362 mutuum
1151 1333 1256 1361 odium
1277 1333 1432 1369 producit.

280 1398 341 1430 Hic
366 1408 485 1429 versus
512 1402 646 1439 primum
673 1408 805 1429 versum
832 1399 940 1430 melius
968 1404 1169 1440 sequeretur.
1198 1400 1291 1438 Quod
1318 1402 1346 1430 si
1373 1402 1501 1443 cognati
1529 1403 1665 1433 invicem
1693 1404 1857 1443 propinqui
1883 1409 1970 1444 sunt,

180 1471 222 1494 ex
249 1461 388 1500 meliore,
416 1471 477 1502 quo
505 1463 585 1493 alter
612 1462 745 1504 gaudet,
771 1467 859 1493 statu
889 1463 1047 1493 interdum
1066 1463 1185 1493 invidia
1200 1464 1299 1493 oritur
1315 1467 1346 1494 et
1360 1463 1431 1494 inde
1449 1463 1551 1494 odium
1565 1466 1717 1495 nascitur.
1746 1465 1816 1495 Hos
1831 1468 1970 1504 pectoris

181 1525 309 1556 morbos
339 1525 515 1565 appellavit
541 1528 648 1565 poeta,
677 1534 808 1565 quorum
838 1525 865 1554 si
892 1535 1000 1567 causa,
1028 1528 1257 1568 propinquitas,
1286 1533 1408 1568 cessat,
1437 1530 1497 1568 ipsi
1523 1529 1682 1559 desinunt.
1723 1528 1864 1558 Eandem
1891 1537 1971 1558 sen-

179 1588 324 1629 tentiam,
352 1597 446 1628 quam
473 1592 569 1627 poeta
594 1588 823 1629 pronuntiavit,
851 1588 881 1618 in
905 1589 1066 1627 proverbii
1100 1590 1362 1620 consuetudinem
1395 1592 1484 1621 venit
1511 1591 1614 1622 conf.
1647 1591 1745 1621 Meid.
1779 1590 1816 1621 C.
1850 1591 1909 1628 20,
1937 1590 1968 1621 3.

182 1649 239 1680 »Si
254 1655 385 1692 gentem
412 1649 554 1681 Maahdd
580 1660 727 1692 separaS,
756 1660 794 1681 se
824 1652 958 1682 invicem
986 1652 1168 1682 amabunt.«

178 1748 211 1778 4.
238 1747 381 1786 Temperi
403 1751 515 1778 contra
539 1758 588 1777 me
611 1749 770 1778 aux-ilium
789 1750 958 1786 praestilit,
983 1758 1079 1787 quum
1101 1752 1171 1778 eius
1194 1752 1276 1779 cutis
1298 1751 1380 1780 dura
1402 1752 1436 1778 in
1453 1753 1580 1787 pectore
1599 1751 1735 1788 fricare!
1756 1748 1857 1791 (me).
1881 1750 1973 1786 Quod

483 1803 513 1830 si
533 1804 666 1839 tempori
686 1799 787 1838 (milti
807 1798 963 1841 nocendi)
987 1812 1097 1831 curam
1119 1804 1316 1837 mandasses,
1339 1806 1463 1832 omnino
1485 1806 1671 1842 suffecisset.

277 1869 338 1901 Hic
364 1879 494 1911 versus,
520 1870 552 1900 in
578 1879 638 1910 quo
667 1870 793 1911 cognati
821 1871 872 1900 sui
899 1872 1016 1911 agendi
1045 1872 1199 1902 rationem
1226 1872 1395 1911 describit,
1431 1882 1503 1903 cum
1539 1882 1637 1903 versu
1673 1872 1817 1903 secundo
1855 1873 1971 1903 melius

179 1933 388 1974 coniungitur.
417 1932 581 1972 Queritur,
608 1930 749 1972 quod'in
775 1934 928 1973 temporis
956 1934 1139 1964 calamitate
1174 1944 1235 1964 non
1270 1936 1374 1965 solum
1409 1936 1561 1966 auxilium
1602 1936 1663 1976 ipsi
1699 1936 1814 1966 nullum
1852 1936 1971 1974 tulerit,

179 2006 292 2028 verum
321 1996 414 2027 etiam
442 2005 558 2026 noxam
584 1997 734 2027 intulerit.
762 1997 855 2026 Alter
883 1996 1010 2037 legendi
1038 1997 1150 2027 modus
1177 1996 1243 2044 ὦ),
1265 1999 1327 2034 3>
1347 1997 1522 2028 litterarum
1540 1999 1741 2029 similitudine
1757 2000 1787 2029 in
1801 1998 1969 2030 scribendo

178 2063 267 2090 ortus
294 2064 357 2090 est.
384 2059 485 2090 Poeta
511 2064 638 2097 tempus
667 2068 735 2088 cum
762 2059 884 2089 camelo
912 2059 1147 2098 procumbente,
1174 2060 1225 2098 qui
1241 2064 1372 2099 pectore
1387 2069 1446 2089 suo
1466 2060 1585 2090 calloso
1606 2062 1731 2102 premit,
1758 2064 1965 2100 comparavit.

180 2121 345 2161 Loquendi
380 2121 506 2152 modum
541 2131 572 2161 p.
600 2124 632 2153 ΙΓ·
658 2132 690 2152 v.
719 2122 753 2151 5.
789 2123 1033 2162 explicavimus.
1076 2123 1152 2153 Vox
1187 2121 1278 2162 ¹525&ss
1318 2133 1402 2164 quae
1435 2125 1619 2154 accuratius
1652 2124 1831 2154 definiendo
1860 2125 1970 2171 (fua-³

180 2185 285 2216 conf.
314 2195 346 2214 v.
376 2184 425 2224 l.)
461 2185 614 2225 inservit,
652 2185 785 2214 nominis
812 2185 948 2214 actionis
976 2195 1024 2216 sc.
1052 2184 1137 2214 sate-5
1173 2187 1243 2217 loco
1277 2196 1353 2216 esse
1389 2191 1514 2227 potest;
1555 2187 1722 2226 participia
1755 2190 1836 2217 enim
1874 2189 1954 2217 verb

179 2248 280 2278 activi
306 2247 464 2277 nominum
492 2247 652 2277 actionum
679 2248 747 2277 loco
775 2247 906 2286 saepius
932 2248 1036 2286 posita
1063 2254 1157 2289 sunt>
1197 2253 1230 2277 et
1256 2248 1303 2278 sic
1330 2257 1457 2288 qnoque
1483 2249 1555 2278 vice
1588 2258 1695 2278 versa.
1732 2249 1852 2278 Similis
1889 2249 1967 2278 ratio

179 2313 211 2341 in
225 2310 424 2340 hemistichio
440 2310 564 2341 Bischri
584 2314 635 2341 est
653 2308 761 2354 (metr.
783 2308 922 2354 bVafir):
951 2311 1153 2341 Absentia
1181 2309 1227 2340 ab
1255 2311 1379 2340 Asma
1404 2310 1479 2340 iam
1506 2310 1683 2340 sufficit.
1712 2311 1745 2340 ln
1765 2310 1826 2341 hoc
1844 2319 1968 2350 quoque

178 2381 245 2404 vox
271 2370 349 2405 Q&
374 2372 445 2403 loco
474 2372 610 2402 nominis
635 2373 767 2404 actionis
793 2379 864 2415 est3
907 2373 966 2404 sed
994 2372 1110 2414 modo,
1139 2382 1202 2414 quo
1229 2373 1310 2403 alius
1337 2378 1434 2412 poeta
1461 2373 1492 2403 in
1522 2382 1603 2403 voce
1641 2370 1762 2422 <yffi-2²⁴⁸
1789 2381 1869 2402 usus
1896 2377 1965 2403 est:

181 2445 292 2486 (metr.
320 2447 461 2488 Redjes)
489 2445 613 2485 Quasi
639 2447 734 2477 eius
761 2447 894 2487 pedes
921 2450 1167 2478 anteriores
1206 2450 1245 2478 in
1281 2457 1416 2487 campo
1455 2448 1578 2487 plano
1605 2450 1747 2476 essent
1773 2455 1882 2476 casum
1909 2455 1967 2477 ae-

180 2510 364 2540 cusativum
379 2519 441 2539 non
455 2509 573 2546 tribuit,
600 2512 631 2539 in
646 2517 729 2539 voce
743 2519 762 2539 a
777 2510 888 2547 verbo,
917 2510 1005 2540 cuins
1033 2511 1128 2540 tertia
1154 2509 1298 2539 radicalis
1326 2509 1433 2539 littera
1455 2525 1474 2548 >
1503 2509 1555 2538 vel
1581 2521 1617 2548 ὁ
1639 2514 1702 2546 est,
1732 2507 1880 2539 derivata
1906 2517 1967 2538 vo-

181 2572 277 2602 calem
305 2572 482 2603 accusativi
510 2572 673 2612 omittens,
700 2571 858 2612 siquidem
886 2572 1025 2602 nonnulli
1053 2573 1176 2602 Arabes
1193 2572 1338 2601 vocalem
1356 2571 1460 2601 Fatha
1486 2580 1557 2600 cnm
1574 2570 1676 2600 littera
1692 2570 1726 2600 Ia
1741 2570 1968 2601 enunciandam
