2247 2865
978 90 1248 122 —408—

217 196 467 239 interrogares),
494 193 713 234 respondeas,
741 201 808 221 rem
834 191 1062 231 interrogatam
1089 188 1276 220 necessario
1303 187 1437 219 definiri.
1491 187 1590 217 Porro
1618 185 1645 216 si
1672 185 1805 220 diciturz
1834 185 1917 224 Quid
1943 187 2004 218 hoc

221 262 252 292 in
279 261 350 290 loco
385 262 461 298 post
493 257 778 297 interrogationem
806 263 848 283 ex
875 252 1039 292 particulis
1067 249 1110 284 ‘oi
1138 255 1169 282 et
1192 249 1217 290 ,i
1244 250 1458 281 coniunctivis
1486 248 1606 287 (conf.
1633 247 1807 289 Antholog.
1835 247 1946 279 Gram.
1974 259 2005 288 p.

223 324 291 354 105
320 326 352 352 et
383 321 452 351 ¹06
479 324 559 350 text.
587 318 661 356 Ar.)
692 315 857 346 definitum
886 319 938 344 est
964 319 996 344 et
1023 313 1177 353 quomodo
1205 321 1323 342 sensus
1352 310 1509 341 sermonis
1540 319 1610 339 cum
1645 309 1696 339 illo
1726 309 1855 341 definito
1882 312 2007 341 consti-

219 387 329 427 tuitur,
356 384 412 414 tibi
438 379 695 421 respondendum
721 382 783 417 est,
813 387 945 406 sensum
973 386 990 406 e
1018 376 1140 406 ratione
1168 374 1344 414 particulae
1366 372 1396 413 >i
1430 372 1685 403 constituendum
1715 382 1809 411 esse,
1837 378 2010 413 propterea

222 448 303 488 quod
330 448 361 478 in
388 446 443 476 tali
482 452 630 474 sermone
666 440 831 480 particulis
860 440 913 482 1⁶³3
941 437 1083 480 (certel)
1112 442 1167 468 aut
1193 435 1217 466 ὃὸ
1245 438 1343 477 (non)
1377 437 1526 467 adhibitis
1567 436 1818 478 respondeatur3
1857 436 2011 476 siquidem

222 519 338 541 sensus
365 509 395 537 in
421 508 504 537 hunc
530 504 653 534 modurn
680 504 741 534 sit:
768 501 896 531 Utinam
923 509 984 541 ego
1013 501 1126 540 sciam,
1155 510 1228 529 num
1256 499 1331 529 illud
1357 499 1469 529 facturi
1495 499 1568 529 siut.
1623 498 1717 536 Quod
1752 508 1830 528 vero
1858 499 1898 529 ad
1927 499 2011 529 defi-

221 572 367 604 niendam
393 567 572 609 particulam
599 564 662 603 soi,
692 574 771 603 quae
799 564 841 593 sit
868 563 1021 602 particula
1048 562 1253 592 coniunctiva
1267 562 1307 600 ¹),
1344 561 1487 602 attineat,
1514 560 1598 591 haud
1626 566 1713 592 recte
1740 561 1800 591 hoc
1827 561 1857 591 in
1883 561 1953 591 loco
1980 561 2011 591 id

222 635 291 665 fieri
324 642 422 672 posse
457 628 579 673 (conf.
619 628 658 658 de
692 625 836 666 particul.
873 624 916 657 sol
945 629 977 654 et
994 623 1023 664 ,i
1053 623 1163 657 Gram.
1192 624 1289 654 Arab.
1315 624 1351 657 Τ,
1379 625 1404 665 1,
1439 634 1469 663 p.
1498 622 1563 656 571
1597 633 1645 663 sq.
1681 628 1715 654 et
1740 624 1870 654 Anthol.
1900 623 2011 655 Gram.

222 690 291 732 (ι).
314 687 441 729 231.)
471 702 500 732 p.
532 691 600 721 105
627 698 694 729 sqq.
724 693 803 718 text.
835 687 891 717 Ar.

223 794 257 823 3.
283 792 408 827 Plures,
433 791 489 828 qui
510 788 715 818 harretlitatis
737 795 824 814 mette
845 794 932 822 spem
951 785 1076 823 fovens,
1108 785 1133 812 il
1152 793 1243 812 mane
1264 794 1283 812 a
1307 793 1355 812 me
1377 784 1506 811 nonnisi
1525 792 1640 820 purum
1664 785 1828 821 accipient.

324 862 359 891 In
386 869 446 897 eo,
480 857 563 898 quod
588 856 662 886 dicit
689 865 784 896 esse,
813 855 863 893 qui
892 853 1100 884 haereditatis
1128 863 1219 892 spem
1244 853 1404 891 habeant,
1433 853 1493 882 sibi
1521 852 1717 882 fortitudinis
1744 852 1869 882 laudem
1896 852 2015 893 tribuit,

226 933 298 954 nam
325 922 377 952 illa
402 930 480 960 spes
510 919 632 948 nonnisi
661 917 691 946 in
719 916 901 946 fortitudine
930 917 1086 956 originem
1114 916 1233 945 habere
1262 919 1382 956 potest,
1409 925 1492 956 quae
1519 915 1635 957 efficit,
1662 920 1696 946 ut
1722 915 1873 946 audacter
1899 915 1929 944 in
1956 915 2018 945 ho-

227 991 311 1017 stem
339 986 438 1014 irruat
462 987 495 1012 et
522 984 653 1011 mortem
682 984 824 1019 spernat.
877 979 910 1007 In
938 978 1116 1018 posteriore
1143 982 1248 1008 autem
1273 988 1394 1007 versus
1421 983 1511 1017 parte
1538 982 1602 1009 tum
1632 977 1825 1008 fortitudinis
1853 982 1918 1008 tum
1938 978 2019 1008 libe-

228 1048 364 1079 ralitatis
391 1047 461 1076 laus
489 1045 576 1075 cerni
606 1047 725 1083 potest,
755 1041 962 1081 fortitudinis,
991 1042 1062 1080 quia
1088 1041 1179 1070 fortis
1207 1050 1287 1080 opes
1315 1046 1441 1081 erogat,
1469 1046 1503 1071 ut
1529 1041 1628 1071 multa
1655 1041 1801 1081 bonaque
1837 1050 1925 1071 arma
1959 1041 2020 1071 sibi

229 1116 333 1152 paret,
361 1110 579 1147 liberalitatis,
610 1109 681 1146 quia
710 1106 847 1137 liberalis
878 1106 990 1144 opibus
1029 1105 1173 1145 erogatis
1209 1103 1366 1133 beneficia
1399 1103 1429 1132 in
1459 1112 1616 1142 pauperes
1655 1102 1789 1134 confert.
1848 1101 2020 1134 Genitivus

229 1175 323 1205 vocis
337 1173 396 1213 &3
412 1183 429 1202 e
448 1170 631 1212 particula,
643 1193 654 1211 ,
682 1178 762 1209 quac
783 1168 1056 1209 significationem
1069 1167 1159 1196 vocis
1172 1178 1218 1212 ψ)
1232 1166 1341 1207 habet,
1369 1165 1487 1206 pendet
1504 1164 1539 1207 (c
1550 1175 1567 1195 ο
1579 1176 1598 1195 n
1606 1166 1628 1197 f.
1644 1165 1703 1199 Gr.
1719 1166 1775 1195 Ar.
1788 1166 1872 1205 T.11,
1888 1175 1918 1204 p.
1934 1161 2019 1207 34).

234 1288 267 1317 4.
291 1286 374 1322 Opes
397 1284 475 1313 milei
496 1292 559 1311 mm
580 1284 657 1311 sunt
674 1283 801 1318 praeter
824 1279 965 1315 loricam,
988 1277 1113 1315 yaleam
1135 1279 1166 1304 et
1183 1276 1324 1312 qlmlium
1343 1277 1486 1315 ferreum
1506 1276 1648 1314 politum.

333 1354 420 1393 Opes
447 1353 509 1382 sibi
535 1360 611 1381 esse
638 1354 747 1391 negat,
774 1359 858 1389 nam,
886 1348 963 1378 licet
979 1356 1066 1377 arma
1091 1345 1173 1385 apud
1195 1345 1321 1375 Arabes
1344 1355 1418 1385 pars
1439 1355 1531 1385 opum
1554 1345 1758 1385 haberentur,
1785 1349 1904 1386 tamen,
1930 1353 2024 1384 quum

233 1417 401 1448 cuiuslibet
427 1414 549 1455 speciei
575 1423 733 1443 armorum
763 1412 886 1441 nonnisi
912 1420 1005 1441 unam
1033 1419 1100 1438 rem
1128 1417 1164 1438 se
1183 1408 1352 1447 possidere
1375 1408 1469 1448 dicat,
1496 1418 1531 1437 re
1550 1418 1629 1438 vera
1648 1408 1760 1447 opibus
1779 1412 1880 1447 caret,
1908 1407 2024 1447 quippe

213 1484 315 1520 'opes
343 1478 575 1508 abundantibus
605 1476 742 1505 omnium
770 1485 894 1512 rerum,
933 1483 1015 1512 quae
1041 1472 1114 1502 usui
1141 1472 1231 1501 nobis
1259 1471 1338 1511 sint,
1375 1470 1517 1509 partibus
1555 1470 1743 1500 consistant.
1795 1470 1893 1500 Hisce
1920 1472 2025 1499 autem

234 1543 330 1572 rebus
358 1540 552 1571 enumeratis
580 1539 719 1577 equitem
747 1536 855 1567 fortem
883 1545 920 1565 se
941 1534 1102 1565 describit.
1130 1534 1279 1575 Vocijssi:
1297 1538 1353 1563 aut
1379 1542 1476 1562 casus
1502 1533 1718 1562 nominativus
1745 1537 1894 1572 tanquam
1922 1540 2026 1572 appo-

239 1604 345 1634 sitioni
371 1608 426 1632 aut
453 1601 662 1631 accusativus
690 1604 837 1637 tanquam
865 1595 1046 1636 exceptioni
1072 1595 1164 1625 tribui
1191 1599 1309 1634 potest.
1347 1595 1393 1624 De
1414 1603 1496 1624 voce
1510 1594 1597 1634 (χερὶ
1620 1604 1695 1624 con
1707 1595 1726 1624 f.
1741 1595 1832 1624 Ham.
1848 1605 1877 1634 p.
1893 1597 1934 1624 rw
1946 1604 1978 1623 v.
1993 1593 2024 1622 2.

238 1665 386 1705 Gladius,
414 1668 447 1693 ut
479 1662 643 1702 perfectus
672 1662 720 1699 sit,
751 1659 867 1698 duplici
889 1658 982 1688 modo
1002 1657 1199 1687 describitur.
1229 1658 1254 1686 E
1276 1666 1352 1695 puro
1371 1656 1466 1698 ferro,
1494 1637 1627 1697 chalybe
1655 1657 1822 1687 confectus
1850 1662 1882 1686 et
1907 1656 2025 1696 politus

238 1733 297 1758 est.
351 1727 462 1757 Voces
490 1712 610 1760 &gagi
627 1722 670 1750 sla
701 1721 870 1761 (splendor
900 1721 992 1761 ferri)
1020 1722 1204 1762 significant
1231 1722 1349 1751 ferrum
1378 1721 1550 1760 splendens
1577 1721 1596 1751 i.
1628 1731 1656 1750 e.
1683 1721 1858 1760 chalybem.

240 1839 271 1867 5.
296 1838 341 1866 Et
360 1837 465 1875 fusca,
490 1833 740 1864 Clmtletlzaensis
763 1832 857 1860 hassa
880 1834 976 1866 recta,
1002 1835 1032 1860 et
1051 1831 1161 1869 ylaber
1184 1828 1327 1871 (equus)
1350 1831 1434 1860 nudo
1462 1830 1567 1868 dorso,
1592 1829 1715 1866 Ionyus.

340 1904 436 1934 Modo
464 1908 627 1943 poetarum
656 1903 685 1932 iu
714 1901 923 1931 describenda
959 1901 1055 1930 hasta
1088 1905 1121 1931 et
1154 1910 1235 1939 equo
1271 1900 1432 1930 adiectiva
1468 1899 1537 1928 loco
1573 1899 1845 1928 substantivorum
1877 1897 2028 1928 adhibuit.

241 1968 377 1998 Lanceis
405 1967 490 1996 color
517 1965 631 1995 fuscus
659 1964 860 2001 adscribitur,
889 1963 971 2002 quod
999 1962 1139 2000 arundo,
1167 1961 1290 2001 quando
1318 1966 1439 1991 matura
1466 1964 1498 1990 et
1526 1960 1604 1990 dura
1631 1960 1676 1998 fit,
1703 1960 1785 1990 illum
1811 1959 1947 1989 colorem
1972 1967 2030 1989 ac-

242 2031 315 2070 cipit
342 2029 443 2059 conf.
465 2029 556 2060 Ham.
583 2038 611 2067 p.
630 2026 678 2056 fvi*
694 2026 764 2056 infr.
780 2027 879 2055 Amru
897 2026 924 2054 b.
940 2025 1047 2055 Kelth.
1062 2024 1171 2054 Moall.
1188 2034 1220 2053 v.
1236 2024 1282 2053 36
1298 2023 1395 2062 sch.).
1448 2024 1598 2053 Lanceae
1620 2022 1879 2053 Chaththaenses
1908 2030 2030 2062 cogno-

243 2097 376 2127 minatae
405 2097 480 2122 sunt
505 2097 577 2132 aut,
605 2090 687 2129 quod
714 2090 744 2118 in
771 2089 841 2119 vico
873 2087 1017 2118 Chathth
1044 2087 1227 2127 provinciae
1254 2087 1392 2116 Bahrain
1419 2088 1468 2116 vir
1495 2086 1640 2123 Samhar,
1667 2085 1719 2125 qui
1748 2094 1803 2114 eas
1831 2083 2030 2122 conficiebat,

243 2159 353 2190 sedem
380 2156 515 2185 habebat
544 2154 645 2192 (conf.
673 2152 784 2182 Lebid.
812 2151 921 2181 Moall.
949 2160 981 2179 v.
1009 2149 1084 2189 50.)
1113 2154 1167 2179 aut
1195 2149 1279 2189 quod
1315 2148 1435 2179 arundo
1462 2149 1491 2178 in
1523 2157 1579 2177 ora
1605 2148 1760 2177 maritima
1786 2145 1944 2190 (Chathth
1972 2155 2032 2185 ap—

247 2221 383 2262 pellata)
410 2219 489 2248 inter
516 2216 696 2256 provincias
724 2215 860 2244 Balirain
889 2218 920 2242 et
949 2212 1073 2242 Ohman
1100 2212 1266 2241 crescebat
1293 2208 1385 2254 (con
1396 2210 1416 2240 f.
1444 2211 1577 2240 Hamas.
1607 2219 1637 2248 p.
1658 2211 1685 2239 ri
1712 2219 1743 2239 v.
1770 2209 1829 2247 1.).
1859 2209 2033 2238 Praeterea

246 2286 377 2314 lanceae
404 2279 645 2316 Rodainiticae,
672 2276 902 2307 Samhariticae
930 2280 962 2305 et
989 2275 1180 2305 Iasaniticae
1208 2274 1449 2313 appellabantur
1477 2270 1569 2312 (con
1584 2271 1605 2301 f.
1633 2272 1771 2311 Ham.p.
1788 2272 1859 2310 riv).
1904 2270 2034 2299 Lancea

248 2355 341 2386 porro
368 2344 464 2376 baffia
491 2341 668 2381 appellatur
687 2340 705 2368 i.
728 2349 756 2370 e.
786 2349 846 2377 ope
873 2338 949 2368 ferri
974 2335 1060 2370 uhi&
1087 2336 1235 2376 appellati
1263 2340 1352 2365 recta
1379 2334 1501 2364 reddita
1527 2333 1634 2364 conf.
1662 2334 1761 2363 Ahm
1774 2343 1816 2362 ru
1844 2334 1872 2363 b.
1901 2331 2032 2361 Kelth.

250 2409 389 2440 Moall.
419 2418 450 2437 v.
479 2407 536 2437 57.
565 2406 621 2435 59.
675 2404 798 2442 Equum
825 2402 900 2431 dicit
927 2410 1004 2430 esse
1031 2399 1110 2443 ⁸³5?⁸
1140 2399 1285 2439 glabrum
1313 2398 1331 2427 i.
1360 2407 1387 2430 e.
1414 2398 1483 2436 pilis
1509 2397 1662 2427 brevibus
1690 2396 1879 2436 praeditum,
1906 2396 1957 2433 qui
1984 2393 2035 2432 pili

248 2473 365 2502 breves
394 2470 522 2510 siguum
549 2466 619 2507 equi
647 2463 795 2506 generosi
822 2467 897 2492 suut
926 2461 1050 2500 (conf.
1069 2458 1164 2493 Ham,
1184 2470 1213 2499 p.
1227 2461 1257 2489 ‘1⁶1
1272 2469 1303 2488 v.
1321 2459 1381 2498 1.).
1411 2458 1503 2497 Quod
1530 2468 1608 2488 vero
1637 2467 1738 2497 equus
1765 2456 1880 2487 nudum
1908 2455 2036 2485 dorsum

266 2581 298 2613 1)
318 2582 373 2604 Hoc
392 2579 501 2608 addidit,
521 2576 645 2608 quoniam
665 2575 712 2598 illa
731 2572 864 2604 particula
882 2578 984 2601 quoque
1004 2574 1128 2600 tauquam
1147 2572 1276 2599 separata
1295 2569 1436 2592 adhibetur
1454 2567 1545 2592 conf
1571 2566 1651 2590 Autli.
1671 2566 1716 2589 Gr.
1737 2571 1760 2595 p.
1783 2565 1834 2588 10⁶
1855 2568 1919 2589 text.
1939 2566 2020 2589 Arab.
