2247 2865
1015 119 1282 149 -486-

254 222 327 251 iarn
355 219 453 250 mihi
480 218 726 259 displicuit,
747 219 922 249 filiolos
948 223 1044 248 tuos
1072 219 1143 249 alii
1164 229 1282 258 quam
1302 218 1470 258 pastori
1498 217 1696 258 relinqui.
1735 217 1771 247 Si
1791 228 1884 258 quem
1903 220 2046 260 offendit,

252 283 335 323 quod
362 286 456 323 poeta
482 281 569 324 k5'4l’>
596 282 688 319 dixit,
717 283 834 322 quippe
862 286 984 311 mortuo
1012 281 1154 311 foramen
1181 291 1243 310 non
1270 282 1322 319 sit,
1349 283 1376 311 is
1405 282 1496 320 sciat,
1524 286 1651 320 poetam
1671 281 1813 311 foramen
1832 291 1943 312 seeum
1969 292 2048 313 con—

252 345 410 385 iunxisse,
437 345 530 384 quod,
558 345 630 375 dum
658 345 688 374 in
714 344 801 373 vivis
826 349 928 382 esset,
957 345 1149 382 obstrueret,
1177 346 1266 384 quasi
1281 346 1416 378 dixerit:
1443 345 1525 384 quod
1543 345 1685 381 foramen
1703 343 1818 373 vivens
1832 344 2046 376 obstruebam.

252 407 370 437 Modus
397 412 516 448 autem,
544 417 606 447 quo
635 417 696 436 una
724 417 776 437 res
804 416 871 437 cum
899 407 999 437 altera
1026 408 1249 449 coniungitur,
1285 408 1379 438 latius
1408 412 1504 447 patet.
1565 407 1619 437 Nil
1653 416 1777 447 quoque
1812 407 1937 446 obstat,
1974 408 2048 448 quin

250 470 342 500 locus
368 479 502 508 vacuus,
530 480 621 509 quem
649 475 792 500 mortuus
820 470 979 511 relinquit,
1008 470 1219 511 significetur.

249 568 281 596 4.
326 567 448 596 [Uanus
470 570 542 596 tuae
564 571 650 596 terra
672 566 759 596 sint!
800 567 887 596 qum
918 570 980 596 mei
1008 568 1141 596 similem
1173 578 1248 604 erya
1273 571 1397 604 yentem
1424 578 1516 596 suam
1546 571 1683 604 tempore
1713 567 1926 596 abundantiae
1943 577 2050 605 penu-

1000 624 1128 660 riaeque
1151 621 1278 649 ridssli?

352 688 399 718 Ob
428 689 587 730 cogitandi
617 690 781 726 rationem,
810 700 902 729 quam
930 691 1085 729 sequitur,
1113 691 1194 720 male
1222 690 1251 719 ei
1279 694 1438 730 precatur,
1466 691 1578 721 falsam
1606 691 1687 720 enim
1716 700 1792 720 esse
1811 690 1932 729 dicens,
1958 699 2050 729 quum

252 750 314 789 ipsi
335 751 447 780 similis
477 752 505 780 in
532 752 616 781 nullo
643 753 731 781 vitae
760 756 847 782 statu
878 754 1067 792 reperiatur.
1121 754 1226 782 Prima
1253 753 1342 782 verbi
1372 752 1472 783 forma
1498 756 1562 796 *³5³
1590 754 1715 783 nonnisi
1742 754 1773 783 in
1799 757 1990 792 paupertate
2017 758 2051 782 et

249 812 455 842 frustratione
491 813 674 851 adhibetur,
713 815 785 844 dum
819 820 931 854 quarta
958 819 1029 859 *³53¹
1067 820 1126 845 tam
1162 819 1379 854 paupertatem
1417 825 1511 855 quam
1552 816 1682 845 divitias
1718 815 1875 855 designat.
1939 816 2049 845 Verba

249 872 340 911 2¹5ng
361 879 448 919 *²⁴2⁵
476 876 676 916 significant:
705 878 828 907 nonnisi
857 883 984 918 terram,
1013 887 1094 916 quae
1123 878 1253 916 pauperi
1284 877 1403 906 inutilis
1425 880 1484 914 est,
1514 878 1543 906 in
1563 877 1706 907 manibus
1726 877 1856 918 habeas,
1884 882 1918 907 ut
1937 887 2049 907 manus

251 937 283 966 in
309 941 423 968 terram
453 940 545 978 quasi
574 944 713 969 mutatae
742 940 815 969 sint.
868 941 902 968 In
931 949 1013 969 voce
1041 937 1122 979 ιιι-,ἐϋ
1151 949 1321 979 pronomen
1349 942 1486 979 positum
1515 944 1565 970 est
1601 944 1673 970 ante
1709 950 1842 981 vocem,
1881 940 1920 970 ad
1957 949 2048 979 quam

254 999 454 1030 referendum
485 1006 556 1040 est,
592 1007 622 1032 ut
653 1002 793 1032 inversio
822 1003 993 1032 statuenda
1021 1005 1082 1041 sit;
1123 1013 1155 1032 re
1185 1012 1261 1032 vera
1291 1003 1372 1031 enim
1400 1003 1438 1032 ad
1468 1012 1581 1033 vocem
1609 1001 1681 1047 312)
1710 1004 1739 1032 in
1766 1013 1866 1033 versu
1893 1009 2050 1042 sequente

250 1064 400 1104 pertinet,
428 1075 520 1104 quae,
550 1065 658 1094 ordine
685 1066 851 1095 verborum
879 1065 961 1095 haud
991 1070 1122 1101 mutato,
1152 1065 1313 1094 obiectum
1342 1065 1431 1094 verbi
1458 1068 1540 1110 ψῳῐ)
1569 1071 1670 1095 esset.
1720 1066 1798 1096 voci
1816 1064 1905 1107 &tas
1928 1066 2050 1096 variam

250 1124 515 1165 significationem
544 1126 683 1155 tribuunt
713 1120 767 1155 aut
794 1128 964 1165 paucitatis
993 1132 1045 1157 aut
1076 1133 1265 1166 praetextus
1292 1128 1491 1165 inveniendi,
1528 1138 1623 1167 quum
1661 1129 1730 1168 quis
1759 1130 1797 1159 ob
1825 1134 2048 1168 paupertatem

253 1187 327 1216 dare
355 1196 417 1216 non
448 1192 576 1228 potest,
616 1192 669 1217 aut
706 1188 898 1227 quietandae
938 1189 1058 1218 animae
1094 1190 1132 1219 ob
1169 1190 1350 1228 penuriam,
1390 1190 1652 1228 quemadmodum
1689 1195 1842 1231 aegrotus
1876 1191 2047 1231 quietatur.

252 1249 368 1279 Forma
393 1253 443 1279 est
468 1247 553 1278 ἒὼιὲὼ
579 1250 714 1280 nominis
743 1251 879 1280 aetionis
907 1261 926 1281 a
952 1251 1090 1281 secunda
1118 1252 1207 1281 verbi
1241 1251 1342 1281 forma
1376 1251 1510 1281 derivati
1546 1256 1577 1282 et
1603 1252 1725 1293 regulis
1753 1252 1958 1293 generalibus
1984 1253 2050 1292 apti

251 1322 379 1367 (Grani.
409 1325 465 1355 Ar.
493 1325 530 1354 T.
556 1325 578 1354 1.
609 1335 638 1364 p.
667 1325 748 1355 289.
779 1326 891 1367 291.)
944 1327 1026 1357 Sunt
1054 1332 1180 1367 autem,
1217 1327 1267 1365 qui
1301 1336 1414 1356 vocem
1446 1316 1506 1370 {if—525
1534 1332 1566 1356 et
1593 1327 1774 1357 huiusmodi
1802 1327 1918 1356 formas
1943 1336 2004 1356 non
2031 1336 2050 1356 a

251 1386 391 1416 secunda
419 1387 508 1415 verbi
537 1386 656 1425 forma,
683 1387 739 1417 sed
757 1397 775 1417 a
792 1388 892 1427 prima
909 1388 1100 1419 derivandas
1122 1393 1283 1420 censeant.
1315 1390 1426 1419 Altera
1445 1393 1551 1419 autem
1571 1389 1733 1419 sententia
1754 1388 1965 1428 praeferenda
1983 1394 2045 1419 est.

250 1484 281 1512 5.
330 1483 450 1517 Virum,
475 1485 531 1521 qai
553 1483 786 1513 calamitatibus
808 1488 1112 1525 superrensentibus,
1138 1489 1261 1524 neyatio
1283 1487 1407 1525 difficili
1425 1488 1579 1524 9ravtque
1599 1495 1661 1523 pm·
1685 1488 1741 1514 est.

351 1553 397 1582 Se
425 1557 573 1591 tanquam
599 1554 703 1583 virum
732 1554 858 1595 sortem,
887 1556 1026 1596 negotiis
1055 1556 1235 1586 difficilibus
1263 1565 1370 1594 parem
1391 1554 1552 1587 describit.
1581 1554 1701 1584 Ordine
1727 1555 1907 1593 verborum,
1935 1564 2048 1594 quem-

251 1615 420 1645 admodum
450 1616 524 1652 dixi,
552 1616 682 1645 inverso
711 1627 778 1647 vox
805 1615 878 1662 Ἄῷ)
906 1619 1117 1657 appositionis
1149 1618 1239 1647 vocis
1265 1615 1349 1662 6122
1388 1617 1488 1646 locum
1521 1621 1619 1646 tenet.
1682 1617 1761 1647 Post
1795 1617 2046 1656 comparativum

250 1676 333 1723 &gast
362 1687 426 1706 vox
453 1683 521 1722 &aa
552 1686 666 1716 »quam
695 1688 762 1707 me«
794 1679 915 1709 omissa
946 1684 1007 1708 est.
1059 1680 1264 1708 Scholiastes
1292 1679 1470 1719 adnotavit,
1500 1685 1616 1718 poetae
1634 1679 1798 1708 dicendum
1816 1679 1917 1709 fuisse
1934 1676 2046 1724 6³35),

251 1744 279 1772 si
306 1743 345 1773 ad
373 1753 483 1773 vocem
510 1740 593 1788 «9²⁶²
622 1743 800 1779 reseratum
829 1743 887 1772 sed
916 1753 1007 1783 quum
1037 1743 1110 1772 talis
1139 1752 1204 1772 vox
1232 1742 1342 1771 versui
1370 1747 1446 1781 apta
1471 1752 1534 1771 non
1561 1743 1619 1782 sit,
1656 1751 1766 1771 vocem
1794 1741 1833 1771 ad
1862 1743 1965 1771 virum
1991 1752 2046 1772 re-

251 1799 346 1836 latam
373 1816 459 1835 esse.
514 1806 638 1845 Duplex
665 1810 771 1834 autem
800 1810 851 1834 est
878 1805 1004 1845 legendi
1030 1804 1155 1845 modus,
1183 1801 1320 1843 ϊὼωιώ,
1356 1810 1390 1834 ut
1420 1806 1450 1834 in
1480 1805 1637 1834 Mersukii
1666 1809 1756 1834 textu
1784 1808 1966 1844 nostroque,
1993 1809 2048 1834 aut

251 1865 385 1906 QX,
414 1878 494 1907 quae
522 1877 587 1898 vox
614 1879 677 1898 rem
706 1879 850 1910 gravem,
880 1878 939 1907 qua
965 1874 1077 1898 costae
1106 1868 1243 1897 ambitus
1271 1868 1421 1907 suspiriis
1450 1868 1604 1907 impletur,
1633 1866 1803 1908 significat.

251 1964 283 1993 6.
329 1964 458 2000 Quoties
479 1966 648 1994 calamitati
671 1967 849 1994 (ulrem'enli
868 1966 1067 2002 repellendae
1097 1975 1156 1995 var
1183 1974 1271 1993 eram
1300 1967 1331 1992 et
1358 1968 1478 2002 quoties
1507 1975 1550 1993 ea:
1581 1966 1694 2003 equitiS
1723 1967 1810 2001 tergo
1839 1964 1951 1993 lancea
1979 1974 2047 1993 mea

890 2023 1049 2057 sanquine
1069 2020 1165 2056 plane
1188 2021 1292 2055 riyata
1316 2018 1407 2047 erat!
1884 2020 1886 2023 “

351 2088 581 2119 Fortitudinem
596 2100 698 2129 suam,
727 2100 818 2129 quam
841 2092 871 2119 in
893 2089 1059 2128 superiore
1078 2098 1176 2118 versu
1196 2088 1400 2128 generalibus
1421 2089 1529 2118 verbis
1548 2088 1759 2130 indicaverat,
1786 2088 1816 2117 in
1835 2088 1896 2117 hoc
1914 2088 2045 2127 speciali

253 2149 345 2179 modo
373 2149 520 2179 illustrat.
574 2151 695 2181 Vocem
727 2150 803 2204 &tim
828 2161 939 2180 nomen
968 2151 1103 2180 actionis
1131 2154 1260 2189 quartae
1289 2151 1410 2181 formae
1438 2162 1525 2192 esse,
1554 2152 1626 2182 voci
1655 2157 1760 2182 autem
1787 2148 1859 2198 :0th
1890 2150 2046 2189 duplicem

252 2211 518 2252 significationem
535 2213 627 2241 tribui
644 2222 736 2251 posse
751 2218 873 2252 putant,
887 2219 942 2242 aut
959 2219 992 2242 ut
1008 2214 1210 2242 substantivo
1226 2216 1286 2258 5525)
1302 2215 1467 2252 (comitum
1483 2214 1572 2243 turba
1586 2214 1794 2252 adveniens),
1810 2218 1874 2252 aut,
1889 2213 1948 2242 alio
1965 2213 2044 2241 sul)-

253 2276 394 2304 stantivo
411 2276 543 2305 omisso.
561 2277 715 2314 temporis
732 2277 920 2306 vicissitudo
937 2277 1139 2317 intelligatur.
1168 2276 1205 2305 si
1221 2277 1301 2306 haee
1319 2276 1512 2317 significatio
1531 2278 1693 2316 recipitur,
1713 2279 1743 2306 in
1762 2286 1845 2306 voce
1861 2274 1936 2328 εἱλισ
1950 2285 1967 2305 a
1987 2284 2045 2304 ea-

254 2338 334 2368 melo
356 2338 500 2368 desumta
518 2339 724 2377 metaphorae
745 2348 823 2368 usus
842 2345 903 2379 cst:
927 2349 995 2368 nam
1014 2345 1140 2378 tenipus
1159 2350 1227 2369 euni
1250 2340 1369 2369 carnelo
1389 2339 1545 2369 hominem
1561 2345 1725 2379 premente
1746 2339 1918 2369 confertur.
1940 2347 2013 2367 con
2024 2337 2043 2365 s.

255 2403 344 2431 llam.
359 2402 395 2430 Τ.
417 2403 438 2431 1.
461 2413 489 2441 p.
508 2403 588 2431 259.
617 2402 821 2431 Scholiastes
850 2408 955 2431 autem
985 2403 1205 2431 nonnullorum
1233 2403 1421 2432 sententiam
1451 2404 1613 2443 refellens,
1642 2404 1692 2442 qui
1710 2404 1769 2433 duo
1786 2403 1885 2431 verba
1901 2399 1991 2439 :Ag-'1
2012 2406 2044 2430 et

255 2464 333 2496 cal:
361 2466 441 2495 haud
469 2466 549 2495 bene
578 2465 716 2494 adhibita
744 2474 820 2493 esse
840 2470 962 2505 putent,
991 2467 1107 2503 qnippe
1135 2474 1245 2503 eques,
1273 2474 1364 2503 quem
1394 2468 1462 2504 quis
1493 2466 1680 2506 confoderit,
1708 2465 1790 2495 haud
1816 2464 1983 2494 subsistat.
2012 2468 2045 2492 ut

256 2528 349 2557 hasta
377 2527 476 2556 altera
505 2528 575 2556 vice
604 2527 734 2567 rigetur,
763 2526 917 2566 duplicem
945 2526 1124 2565 explicandi
1153 2524 1468 2566 niodum'proposuit.
1509 2529 1605 2568 Dixit,
1632 2532 1760 2567 poetam
1788 2530 1841 2555 aut
1869 2525 2043 2564 perfectum

255 2589 375 2630 rigandi
404 2590 527 2619 moduni
558 2590 681 2619 duobus
710 2590 818 2622 verbis
849 2589 996 2619 adhibitis
1027 2588 1212 2630 significare
1239 2590 1391 2631 voluisse,
1421 2596 1453 2620 ut
1482 2591 1551 2621 huic
1579 2590 1671 2620 inodo
1707 2589 1817 2619 similia
1848 2589 1910 2618 sint
1942 2587 2041 2617 verba
