2247 2865
985 66 1254 98 -433—

213 169 260 199 Se
289 170 370 199 enim
399 178 491 208 quum
518 177 535 198 e
563 171 658 209 gente
687 176 746 197 sua
773 167 812 196 ob
839 166 966 196 crimina
994 166 1161 206 relegatus
1187 171 1220 196 et
1248 166 1407 197 vindictae
1445 170 1612 206 expositus
1646 170 1702 206 sit,
1740 172 1838 200 vitam
1878 177 1999 211 gratam

215 242 369 272 nunqnam
397 240 529 271 sperare
557 239 666 270 posse,
692 234 724 260 ut
752 235 884 260 mortem
911 229 1163 268 qualemcunque
1198 238 1258 259 non
1295 231 1414 258 timeat.
1468 229 1560 259 Voce
1595 228 1701 259 ὠμὴν
1737 237 1863 271 teinpus
1902 243 1999 273 usque

215 295 254 324 ad
281 300 414 324 mortem
441 303 531 323 suam
559 292 676 322 delinit.
731 293 838 322 Verba
865 290 954 329 ,tt-45⁸
986 298 1136 333 wne-,⁸¹³5
1175 301 1255 331 quae
1290 291 1415 322 nonnisi
1454 288 1484 321 i'n
1523 292 1668 332 negando
1704 293 1843 324 adhibita
1883 297 1998 336 reperi,

214 357 382 386 Mersukio
397 361 530 386 auctore
544 356 811 386 continuationem
825 361 857 394 q
874 355 1058 386 facilitatem
1075 355 1102 384 in
1116 354 1337 384 coniunctione
1350 354 1503 392 temporis
1519 349 1649 392 (dham
1667 352 1693 391 3
1709 353 1841 394 aad...)
1858 356 1999 397 miani)

215 419 384 460 designant
412 424 444 448 et
474 427 537 448 vox
562 424 693 458 gua-§w
722 428 834 447 nornen
865 427 966 459 agens
993 413 1077 455 (μῦ
1105 415 1205 455 sti)
1234 416 1321 446 verbi
1350 416 1452 445 neutri
1480 422 1595 455 ffl
1622 422 1685 448 est.
1716 416 1794 447 Mihi
1815 422 1918 448 autern
1947 425 1998 449 aut

218 492 332 512 nornen
361 482 491 511 verbale
519 482 830 520 corruptionem
859 485 909 511 aut
946 485 1194 518 corruptum
1233 478 1416 518 significans
1455 488 1532 508 esse
1567 479 1703 510 videtur.
1765 480 1890 510 Noctes
1922 491 1999 511 vero

217 550 250 574 et.
266 551 389 584 tempus
405 554 500 584 quum
516 553 669 582 nunquam
690 549 857 574 vetustate
882 547 1137 582 corrumpantur,
1165 541 1264 570 verba
1291 541 1427 570 maxime
1454 541 1482 570 in
1512 541 1658 582 negando
1685 541 1826 572 adhibita
1842 543 1998 575 videntur.

213 606 414 636 Scholiastes
441 612 548 636 autem
574 608 644 636 sine
669 606 763 636 dnbio
791 616 829 636 ea
857 616 955 636 causa
984 610 1180 643 commotus,
1221 604 1301 643 quod
1339 614 1452 634 vocem
1490 601 1596 634 2532»
1629 604 1813 644 particulam
1848 608 1999 645 temporis

214 678 284 698 cum
310 668 419 698 verbis
437 666 519 713 R)
546 667 569 697 ὃ
597 668 849 709 coniungendam
887 669 1068 707 putaverit,
1105 667 1183 697 haee
1210 668 1310 697 verba
1338 677 1408 697 cum
1436 676 1518 696 voce
1545 664 1638 704 {Lm-ue
1671 672 1819 706 tanquam
1855 672 2000 707 particu-

217 731 276 760 lam
311 730 464 770 temporis
500 729 722 770 coniungenda
758 730 844 760 dixit.
910 731 980 769 Ego
1018 739 1094 759 vero
1131 730 1229 759 verba
1268 732 1371 769 potius
1413 740 1482 760 cum
1518 732 1689 769 negatione
1722 728 1745 758 >l
1779 731 2001 772 coniungenda

214 795 394 832 putaverim
425 798 490 822 tum
517 792 555 821 ob
593 801 682 821 usum
711 802 727 822 a
755 791 994 832 lexicograpbis
1030 796 1170 821 notatum
1205 797 1269 821 tum
1307 792 1346 821 ob
1383 792 1537 832 originem
1571 794 1685 833 vocis,
1724 801 1806 831 quae
1845 793 1894 822 isti
1930 797 2001 824 usui

216 864 396 895 congruere
423 854 571 894 videtur,
600 855 641 883 nil
670 855 751 884 enim
780 855 908 884 obstare
934 854 1076 894 videtur,
1105 856 1176 893 quin
1206 854 1257 884 uui
1285 855 1383 884 verbo
1414 854 1533 893 duplex
1560 855 1710 893 temporis
1741 854 1881 884 definitio
1909 860 2001 887 attri-

214 918 349 957 buatur,
389 926 517 956 quarum
555 926 613 946 una
645 917 737 946 alteri
771 918 950 947 accuratius
985 916 1214 946 describendae
1246 916 1411 945 inserviat.
1466 915 1540 944 Vox
1574 921 1681 944 autem
1708 912 1803 952 &ms
1840 917 1941 947 virum
1971 920 2001 948 in

214 985 302 1010 statu
331 979 491 1018 describit,
519 988 581 1018 quo
610 988 670 1008 non
698 984 818 1018 sperat.
871 980 915 1009 De
943 989 1003 1010 usu
1031 979 1118 1008 verbi
1146 975 1228 1014 30--35
1257 977 1365 1008 conf.
1394 976 1510 1006 Coran.
1529 976 1602 1005 Sur.
1634 977 1665 1013 6,
1695 977 1751 1007 69.
1806 977 1867 1015 Qui
1896 983 2001 1010 autem

214 1042 244 1070 in
273 1049 369 1070 versu
397 1040 437 1070 de
463 1041 530 1070 vita
558 1045 630 1079 post
657 1047 790 1071 mortem
819 1043 959 1083 cogitat,
1000 1045 1028 1071 is
1066 1052 1083 1072 a
1111 1050 1189 1071 vero
1219 1039 1349 1070 multum
1376 1038 1546 1067 aberrasse
1574 1036 1719 1074 videtur3
1756 1037 1892 1069 huiusce
1920 1042 2002 1071 enim

211 1104 256 1132 rei
283 1103 422 1133 Arabum
451 1107 565 1142 poetae
592 1109 666 1133 ante
695 1103 949 1134 Mohammedein
977 1105 1128 1133 viventes
1156 1104 1211 1133 vix
1239 1100 1431 1131 mentionem
1459 1099 1580 1128 fecisse
1610 1099 1767 1129 videntur.

313 1164 492 1195 Schanfara
519 1175 537 1195 e
565 1172 662 1207 gente
691 1166 816 1196 Aliwas
843 1167 872 1196 b.
902 1166 993 1206 Hidjr
1019 1167 1046 1195 b.
1076 1166 1205 1195 Alliinw
1234 1165 1261 1194 b.
1292 1163 1381 1193 Asad
1409 1167 1485 1202 etc.,
1515 1171 1593 1201 puer
1619 1171 1740 1201 parvus
1770 1156 1840 1201 (ι).
1870 1159 2003 1204 211.)

214 1237 233 1257 a
256 1233 354 1269 gente
382 1228 694 1267 Banu-Schababah,
733 1235 824 1268 parte
852 1229 957 1270 gentis
986 1228 1086 1259 Fahm
1115 1229 1143 1258 b.
1171 1227 1293 1256 Ahmru
1323 1226 1350 1255 b.
1376 1225 1455 1254 Kais
1486 1225 1514 1254 b.
1543 1225 1680 1262 Ailrlan,
1720 1225 1749 1253 in
1785 1227 2004 1265 captivitatem

215 1289 372 1320 abductus
397 1296 475 1320 erat.
530 1291 651 1321 Postea
676 1301 771 1331 quum
799 1302 880 1333 gens
908 1292 1170 1322 Banu-Salaman
1198 1289 1225 1319 b.
1253 1287 1427 1326 Mofarredj
1455 1287 1484 1316 b.
1512 1286 1601 1317 Aubf
1624 1287 1652 1316 b.
1685 1287 1831 1317 Maidaah
1851 1289 1878 1318 b.
1899 1289 2004 1320 Maleo

214 1353 243 1381 b.
272 1351 362 1381 Asad
389 1354 490 1382 virum
519 1362 537 1381 e
565 1359 663 1393 gente
689 1353 878 1383 Schababah
906 1353 1067 1392 captivum
1095 1351 1267 1391 fecissent,
1304 1349 1333 1379 hi
1366 1349 1448 1379 illum
1485 1348 1558 1378 dato
1585 1348 1763 1380 Schanfara
1791 1350 2002 1382 redemerunt.

214 1415 299 1444 Inter
326 1414 383 1444 lios
410 1415 526 1444 vivens
554 1416 642 1455 genti
663 1416 905 1453 accensebatur,
935 1415 1035 1445 donec
1050 1425 1120 1446 cum
1136 1414 1199 1444 filia
1214 1414 1285 1453 viri,
1313 1423 1331 1443 a
1348 1422 1408 1452 quo
1425 1412 1582 1442 educatus
1610 1417 1640 1443 et
1667 1414 1839 1452 adoptatus
1866 1421 1946 1457 erat,
1974 1417 2004 1447 in

216 1477 316 1506 rixam
342 1478 422 1514 iret3
451 1475 514 1506 filia
541 1479 636 1516 enim,
664 1487 756 1516 quam
785 1478 914 1507 verbis:
945 1476 972 1507 Ο
1000 1476 1110 1509 soror!
1139 1482 1235 1516 caput
1263 1476 1337 1506 mihi
1363 1470 1454 1505 laval
1483 1475 1641 1505 allocutus
1661 1481 1742 1517 erat,
1760 1486 1856 1516 quum
1874 1477 2005 1509 fratrem

215 1547 306 1568 suum
324 1547 394 1567 eum
415 1547 491 1567 esse
506 1543 654 1579 negaret,
681 1548 833 1569 recusans
850 1539 960 1579 alapas
978 1540 1005 1569 ei
1020 1539 1193 1570 inflixerat.
1222 1540 1291 1569 Hac
1306 1538 1344 1568 de
1372 1547 1469 1568 causa
1496 1538 1595 1567 iratus
1622 1538 1738 1579 virum,
1766 1544 1832 1569 turn
1852 1542 2005 1580 temporis

218 1599 397 1638 absentem,
427 1599 478 1637 qui
507 1600 608 1639 ipsum
635 1610 654 1630 a
681 1605 779 1641 gente
806 1600 903 1630 Falnn
931 1606 1071 1641 emerat,
1100 1600 1176 1630 adiit
1203 1605 1236 1630 et
1263 1611 1281 1630 e
1307 1610 1439 1640 quanam
1467 1605 1563 1642 gente
1592 1602 1742 1632 oriundus
1769 1607 1879 1644 esset,
1906 1605 2005 1635 inter-

218 1663 357 1704 rogavit.
412 1662 474 1700 Qui
501 1673 608 1703 quum,
638 1674 706 1694 eum
737 1674 754 1694 e
781 1670 879 1705 gente
910 1664 1034 1694 Aliwas
1061 1663 1091 1692 b.
1118 1662 1244 1702 Alliidjr
1271 1664 1426 1704 originem
1454 1663 1584 1705 habere,
1612 1665 1753 1703 diceret,
1782 1675 1831 1701 se,
1859 1676 1950 1705 quern
1975 1669 2005 1698 in

214 1726 405 1756 servitutem
435 1725 654 1767 redegissent,
682 1727 720 1757 iis
748 1736 807 1757 non
835 1727 1028 1757 abstiturum
1053 1726 1156 1765 vovit,
1187 1725 1288 1755 donec
1315 1731 1442 1755 eentum
1469 1726 1558 1755 viros
1586 1726 1770 1756 occidisset.
1823 1728 2006 1769 Nonaginta

215 1794 249 1818 et
275 1797 391 1818 novem
416 1789 496 1818 viris
523 1790 645 1819 necatis
672 1792 872 1820 centesimus
899 1788 1039 1818 cranium
1066 1787 1265 1817 Schansarae
1283 1788 1344 1817 iam
1364 1787 1478 1816 mortui
1499 1790 1679 1826 percussit,
1709 1788 1776 1827 ipse
1805 1789 1885 1827 pede
1913 1794 2005 1820 trun-

217 1854 309 1880 catus
334 1850 433 1880 vitam
460 1851 650 1890 exspiravit.
702 1852 883 1882 Schanfara
917 1857 1024 1881 autem
1060 1850 1196 1889 puellam
1232 1849 1340 1890 gentis
1369 1849 1519 1879 Salaman
1551 1850 1726 1888 respit-iens
1763 1849 1858 1880 dixit:
1896 1849 2005 1891 (metr.

215 1912 359 1951 Titan-il)
386 1912 544 1942 Utinam
570 1915 725 1944 scirem
753 1920 794 1945 et
823 1918 978 1954 optata
1014 1918 1106 1943 sunt
1144 1921 1280 1952 error,
1321 1920 1394 1940 cur
1434 1920 1574 1941 manus
1613 1912 1786 1950 puellae
1823 1913 2005 1945 nobilem

217 1981 332 2002 suum
361 1973 598 2011 percussit.
651 1975 695 2004 Si
721 1973 955 2017 Djohsus1)
985 1975 1064 2004 mei
1093 1975 1245 2014 suique
1274 1974 1410 2013 patris
1439 1983 1575 2014 genus
1602 1975 1904 2014 cognovisset,
1941 1976 2006 2006 illi

218 2035 278 2065 rei
305 2035 434 2073 impar
461 2033 639 2065 fuisset.
694 2036 781 2077 Ego
809 2047 859 2067 ex
886 2038 1044 2077 optimo
1073 2038 1248 2078 gremio,
1283 2036 1395 2065 domo
1433 2036 1613 2075 locoque
1642 2037 1782 2076 prodii
1809 2044 1849 2068 et
1876 2045 2006 2070 mater

218 2108 304 2129 inea
331 2098 423 2128 filia
450 2099 725 2139 ingenuorum
753 2105 839 2135 est,
865 2101 900 2130 si
925 2110 1009 2130 earn
1039 2100 1254 2129 novisses.
1309 2099 1337 2128 A
1365 2098 1462 2128 caede
1490 2099 1635 2130 facienda
1663 2106 1770 2131 autem
1791 2111 1852 2131 non
1871 2102 2006 2144 destitit,

218 2161 321 2191 donec
355 2160 386 2190 in
420 2160 524 2190 media
559 2161 644 2191 valle
671 2145 831 2192 Abidab
858 2162 1020 2201 appellata
1048 2161 1170 2192 Asidus
1196 2162 1224 2190 b.
1253 2161 1371 2200 Djaber
1399 2160 1555 2190 Salamita
1582 2167 1614 2191 et
1643 2162 1812 2193 Cliasimus
1841 2164 2006 2206 Notmita,

217 2222 407 2262 quibuscum
435 2221 517 2251 filius
547 2221 654 2252 fratris
669 2223 761 2254 Asidi
789 2228 866 2261 erat,
894 2224 1027 2254 insidias
1053 2224 1082 2253 ei
1108 2228 1280 2253 struerent.
1323 2222 1512 2262 Schanfara,
1541 2223 1605 2263 qui,
1634 2224 1883 2262 quotiescunque
1911 2230 2006 2254 noctu

218 2286 345 2325 nigrum
373 2283 444 2323 quid
470 2285 684 2325 conspiceret,
711 2285 862 2326 sagittam
891 2286 1048 2326 mittebat,
1074 2286 1104 2315 in
1131 2285 1183 2314 illa
1209 2285 1295 2314 valle
1321 2284 1480 2314 transiens
1511 2285 1610 2314 missa
1637 2286 1758 2325 sagitta
1778 2285 1937 2315 brachium
1956 2287 2004 2315 in-

218 2345 318 2376 ferius
337 2345 389 2375 filii
406 2345 513 2375 fratris
530 2344 621 2374 Abidi
637 2346 788 2377 confodit.
817 2347 1014 2377 Vulneratus
1039 2356 1134 2386 quum
1149 2347 1190 2376 nil
1205 2347 1399 2387 loqueretur,
1427 2347 1606 2377 Schanfara
1634 2347 1728 2377 dixit:
1756 2348 1790 2377 Si
1819 2357 1869 2377 res
1897 2358 1944 2390 es,
1973 2355 2006 2380 te

239 2439 264 2467 1)
284 2438 394 2462 Puellae
411 2445 507 2461 nomen
523 2438 630 2462 Kohsus
642 2439 734 2468 fuisse,
753 2440 814 2463 etin
826 2444 906 2471 gente
917 2440 1132 2463 Asd-Schanuali
1144 2439 1260 2463 litteram
1278 2449 1316 2476 ὁ
1335 2440 1360 2464 in
1380 2441 1496 2464 litteram
1516 2457 1541 2487 ὃ
1560 2442 1654 2464 mutari
1674 2440 1835 2464 scholiastes
1854 2442 2007 2467 adnotavitr

285 2488 386 2512 Nomen
405 2483 447 2530 >ji
469 2490 533 2512 idem
553 2496 614 2513 esse
632 2496 665 2514 ac
682 2485 750 2515 ,xa-⁸
769 2495 848 2514 antea
867 2490 1017 2514 docuimus.
1054 2489 1213 2520 Cognomen
1232 2488 1328 2526 δεμ
1346 2491 1405 2513 inde
1424 2494 1511 2514 ortum
1530 2496 1592 2513 esse
1612 2490 1718 2520 dicuni,
1746 2491 1815 2520 quod
1835 2492 1923 2516 odium
1943 2494 2006 2518 inu.

288 2544 345 2562 eum
364 2543 442 2563 esset.
462 2540 566 2563 Littera
579 2551 596 2575 2
617 2539 748 2563 interdurn
767 2546 826 2563 cum
844 2540 992 2564 Teselidiclo
1009 2540 1264 2564 Schanuwwah
1284 2540 1486 2569 pronunciatur.

1759 2594 1804 2624 55
