2247 2865
974 99 1241 131 —574-

216 208 361 250 indulget
388 211 421 237 et
446 205 533 236 humi
558 204 668 235 iacens
695 203 756 233 soli
782 212 819 233 se
847 201 979 243 exponit
1005 200 1112 231 homo.
1163 199 1199 228 In
1224 197 1275 229 his
1300 197 1427 239 singula
1453 206 1571 227 versus
1597 195 1738 226 membra
1762 204 1863 225 sensu
1889 195 2001 226 melius

218 274 366 312 opposita
392 279 479 311 esse,
507 267 619 310 negari
643 276 705 296 non
732 269 852 305 potest.

218 380 250 409 6.
273 380 388 410 Nonne
408 379 504 413 vides,
529 385 633 406 arcem
658 374 801 412 Alcljaun
820 375 945 412 firmam
966 371 1059 401 esse?
1101 372 1180 401 Dies
1202 380 1269 399 eam
1292 370 1507 408 circumdant5
1529 370 1587 398 sed
1606 368 1687 398 lenis
1708 376 1772 397 non
1791 369 1836 406 sit.

317 463 393 492 Non
419 471 495 491 esse
522 467 661 499 causam,
688 466 744 488 cur
771 457 923 486 metuant.
965 454 1083 483 Arcem
1109 461 1212 490 suam,
1238 461 1332 491 quum
1359 450 1439 480 bene
1462 453 1579 480 munita
1601 450 1655 491 sit,
1685 449 1831 480 hostibus
1851 448 2006 479 resistere

220 534 329 565 posse,
357 521 619 563 quemadmodum
647 521 823 559 praeterito
852 522 996 557 tempore
1023 515 1254 546 calamitatibus
1281 524 1318 544 se
1345 524 1407 544 non
1432 514 1612 544 subiecerit.
1667 514 1732 544 Aut
1758 522 1849 543 suam
1877 517 2008 554 gentem

220 587 260 617 ad
296 584 513 616 fortitudinem
550 583 680 613 hortans
717 581 887 620 alloquitur
927 583 982 609 aut
1004 578 1130 608 hostem
1155 576 1235 615 ipsis
1266 575 1448 606 minantem.
1510 575 1630 604 Arcem
1656 574 1795 614 Aldjaun
1822 573 2012 613 appellatam

221 653 252 681 in
279 649 410 690 regione
435 645 596 677 Iemamah
619 647 715 675 sitam
741 653 760 674 a
787 643 935 684 gentibus
954 641 1074 671 Thasm
1094 644 1126 669 et
1143 638 1255 679 Djadis
1275 638 1431 679 originem
1450 637 1594 675 duxisse,
1622 635 1814 666 scholiastes
1833 635 2010 665 adnotavit.

222 710 314 742 Gens
340 709 460 739 'rhasm
499 706 746 747 antiquissimis·
769 704 964 743 temporibus
1000 703 1162 743 regionem
1189 700 1349 731 Iemamah
1376 699 1550 730 incoluisse
1577 698 1691 728 dicitur
1720 697 1842 736 (conf.
1870 697 2009 727 Pocoek.

222 783 310 813 spec.
341 772 413 802 hist.
441 781 471 811 p.
501 770 558 801 38.
588 770 670 800 427.
723 770 758 798 In
784 768 844 798 hac
874 770 972 808 gente
998 766 1132 805 primum
1160 764 1251 805 regia
1287 762 1427 804 dignitas
1462 766 1560 802 erat,v
1589 761 1690 791 donec
1723 770 1805 802 gens
1834 759 1946 800 Djadis
1972 759 2012 788 ob

222 835 404 866 iniustitiam
438 834 527 875 regis
561 835 644 863 irata
670 842 781 873 regem
809 840 878 861 cum
907 834 1005 871 gente
1032 828 1163 858 delevit.
1229 825 1319 856 Unus
1346 825 1395 854 vir
1422 834 1440 854 e
1468 828 1563 864 gente
1590 823 1711 852 Thasm
1740 832 1848 863 regem
1875 821 2013 851 Arabiae

223 897 346 937 felicis,
375 895 415 926 ad
443 904 535 934 quem
564 893 766 935 confugerat,
791 892 923 931 impulit,
955 896 989 921 ut
1012 891 1097 920 illam
1126 893 1225 919 totam
1253 892 1384 929 gentem
1411 886 1569 926 perderet.
1586 886 1625 915 ib.
1643 895 1672 924 p.
1690 885 1771 915 468.
1798 885 1849 914 Ab
1876 893 1914 913 eo
1942 883 2014 913 inde

224 964 367 998 tempore
394 960 557 996 utriusque
587 956 694 997 gentis
732 955 854 984 nomina
892 964 954 984 nou
990 953 1125 992 amplius
1162 951 1374 981 inveniuntur.
1431 949 1524 989 Apud
1550 949 1705 978 Hamsam
1733 951 1836 978 autem
1863 947 2013 987 legimus,

225 1031 335 1062 regem
364 1019 629 1050 Dsu-Habschan
655 1022 785 1059 gentem
813 1017 933 1047 'l'hasm
951 1021 984 1046 et
1003 1016 1116 1055 Djadis
1137 1014 1299 1044 delevisse
1321 1013 1355 1052 (c
1368 1012 1446 1042 onf.
1469 1012 1588 1041 Histor.
1606 1011 1751 1040 Iemanae
1768 1008 1818 1038 ed.
1836 1009 2015 1038 Iohannsen

224 1084 475 1115 Bonnae1828.
504 1093 533 1122 p.
555 1078 641 1124 71.).
694 1081 770 1111 Dies
799 1084 853 1110 aut
883 1084 1010 1118 tempus
1037 1077 1222 1119 significare
1249 1077 1395 1115 possunt,
1422 1083 1494 1103 nam
1522 1077 1650 1111 tempus
1677 1072 1707 1100 in
1735 1079 1843 1100 omnes
1871 1079 1922 1099 res
1950 1070 2016 1099 vim

225 1147 332 1187 habet,
362 1152 396 1178 ut
422 1156 528 1177 earum
558 1150 672 1175 statum
701 1148 862 1184 permutet
888 1143 1011 1182 (conf,
1037 1142 1177 1173 Meidau.
1209 1141 1245 1170 Τ,
1273 1139 1325 1168 ΙΙΙ.
1355 1137 1389 1166 P.
1417 1136 1448 1166 2.
1477 1145 1507 1175 p,
1539 1134 1606 1165 138
1636 1130 1741 1176 infr.),
1779 1137 1834 1163 aut
1861 1131 1926 1162 dies
1953 1141 2016 1171 pu-

225 1219 370 1250 gnarum.
422 1209 563 1247 Tempus
592 1211 647 1237 aut
680 1206 748 1236 dies
787 1215 965 1246 pugnarum
1003 1208 1148 1244 tanquam
1185 1202 1357 1234 exercitum
1394 1209 1497 1230 arcem
1534 1202 1772 1239 oppugnantem
1813 1206 1943 1237 eamque
1978 1198 2017 1228 ab

227 1273 371 1302 omnibus
398 1271 542 1312 partibus
570 1269 817 1300 circumdantem
845 1267 1019 1307 describit3
1046 1267 1105 1297 sed
1132 1267 1248 1296 nullam
1275 1265 1305 1295 in
1334 1274 1404 1294 eam
1430 1266 1496 1293 vim
1522 1263 1676 1293 habuisse
1704 1261 1787 1292 dicit.

226 1381 256 1410 7.
279 1381 417 1417 Reqibus
444 1379 565 1409 Tobbah
587 1382 732 1416 tempore,
758 1388 817 1417 quo
840 1379 902 1407 vici
923 1378 1147 1411 vastabantur,
1173 1378 1306 1410 restiti&
1336 1375 1452 1404 tabulis
1474 1376 1555 1403 enim
1578 1373 1710 1411 lapideis
1732 1373 1820 1402 calce
1843 1373 2019 1401 coniunctis

1004 1433 1172 1459 exstructa
1194 1433 1250 1459 est.

327 1503 407 1533 Eam
436 1506 529 1533 autea
556 1501 686 1542 regibus
714 1500 899 1540 potentibus
927 1500 1109 1538 restitisse,
1145 1504 1253 1529 narrat
1281 1508 1410 1529 causam
1440 1498 1571 1528 addens.
1624 1496 1754 1527 Tobbah
1782 1495 1933 1537 generale
1960 1504 2020 1524 no-

229 1575 301 1594 men
327 1575 441 1606 regum
467 1566 701 1594 Iemanensium
729 1563 830 1593 fuisse
862 1562 944 1602 apud
973 1563 1166 1593 Pocockium
1193 1571 1282 1600 spec.
1309 1562 1384 1591 hist.
1415 1562 1471 1591 Ar.
1498 1561 1646 1601 legimus.
1697 1559 1784 1589 Idem
1811 1568 1851 1589 ex
1878 1558 2021 1588 Kamuso

229 1628 330 1658 locum
359 1627 496 1667 adducit,
525 1638 565 1656 ex
580 1636 642 1667 quo
660 1625 893 1666 cognoscimus,
923 1635 1020 1665 reges
1036 1625 1085 1663 qui
1099 1625 1247 1664 regiones
1261 1625 1467 1664 Hadramaut,
1496 1624 1582 1653 Saba
1610 1627 1642 1652 et
1669 1622 1792 1661 Himjar
1819 1621 2023 1661 possiderent

230 1687 290 1720 isto
312 1690 401 1720 titulo
424 1689 604 1729 appellatos
619 1688 731 1721 fuisse,
764 1688 798 1717 In
815 1687 1013 1717 Calcuttensi
1028 1687 1157 1716 Kamusi
1180 1686 1316 1716 editione
1330 1696 1396 1716 vox
1411 1687 1522 1716 Saba
1550 1685 1653 1717 deest.
1683 1686 1759 1715 Vox
1785 1688 1890 1714 autem
1904 1683 2024 1723 Himjar

230 1762 299 1782 eum
327 1763 408 1782 voce
445 1752 664 1782 Hadhramaut
698 1751 882 1788 coniuncta,
921 1759 982 1778 non
1016 1754 1145 1790 gentem
1173 1749 1428 1788 Himjarensem,
1468 1754 1618 1788 posteros
1645 1748 1751 1777 Sabae
1777 1747 1806 1777 b.
1833 1745 2021 1785 laschdjob;

231 1816 290 1846 sed
324 1818 489 1857 regionem
523 1815 707 1856 significare
741 1813 880 1843 videtur.
944 1810 1067 1852 Himjar
1095 1815 1196 1841 autem
1225 1820 1337 1841 nomen
1363 1811 1424 1840 loci
1450 1811 1480 1840 in
1507 1810 1671 1840 occidente
1699 1809 1784 1839 urbis
1811 1809 1943 1838 Zanaae
1969 1808 2023 1838 siti

232 1881 291 1907 est.
324 1877 389 1907 Sed
418 1877 478 1907 hoc
505 1877 630 1906 nomine
656 1876 780 1906 nonnisi
806 1884 941 1916 magnos
970 1877 1183 1913 potentesque
1213 1882 1310 1913 reges
1338 1872 1513 1913 significari
1552 1876 1649 1912 puto,
1688 1881 1759 1900 nam
1796 1870 1887 1909 parvi
1924 1879 2021 1910 reges

233 1942 357 1971 tilulum
386 1941 445 1978 μ
471 1941 641 1971 habebant.
694 1938 838 1968 Alharits
866 1939 895 1968 b.
925 1935 1084 1976 Alrajiscb
1119 1935 1236 1976 primus
1275 1939 1361 1973 erat,
1399 1936 1454 1974 qui
1488 1934 1547 1964 isto
1579 1936 1704 1963 nomine
1732 1937 1872 1963 uteretur
1899 1931 2023 1974 (conf.

234 2002 433 2032 Historia
459 2003 591 2032 Ieman
604 2011 648 2031 ae
674 2000 724 2032 ed.
753 2000 932 2030 lohannsen
961 2001 1122 2029 Bonnae
1154 1997 1257 2027 1828.
1286 2007 1315 2036 p.
1344 1997 1403 2030 50,
1436 1996 1495 2026 sed
1523 1997 1668 2027 conferas
1695 1997 1767 2026 ibid.
1794 2006 1823 2036 p.
1853 1996 1909 2026 74.
1966 1995 2024 2026 Ul-

234 2064 328 2094 timus
355 2073 424 2103 rex,
453 2065 504 2102 qui
531 2063 593 2092 isto
621 2064 712 2093 titulo
742 2067 897 2105 uteretur,
924 2063 1066 2093 Tobbam
1092 2062 1120 2091 b.
1149 2061 1258 2091 Hasan
1285 2061 1315 2090 b.
1344 2060 1508 2091 Colaicarb
1536 2060 1638 2090 fuisse
1665 2064 1803 2089 narrant.
1838 2059 1876 2088 ib.
1907 2069 1938 2098 p.
1966 2057 2023 2088 80.

235 2126 461 2165 Ante‘poetae
488 2130 609 2164 tempus
637 2135 746 2167 regem
774 2127 991 2156 Iemanensem
1018 2126 1187 2155 Iemamam
1215 2123 1375 2152 invasisse
1403 2127 1436 2152 et
1463 2122 1580 2152 multos
1607 2122 1696 2152 vicos
1722 2126 1886 2152 vastasse.
1937 2121 2025 2150 Illam

236 2193 340 2218 autem
368 2196 470 2216 arcem
494 2186 525 2215 in
547 2190 743 2226 potestatem
761 2187 905 2227 redigere
922 2196 991 2216 eum
1007 2196 1067 2215 non
1085 2185 1241 2228 potuisse,
1263 2187 1418 2216 videmus.
1449 2186 1497 2215 De
1523 2185 1584 2215 hac
1610 2184 1812 2224 expeditione
1838 2185 1869 2213 in
1895 2183 2026 2213 historia

237 2250 379 2279 Iemanae
412 2249 452 2278 nil
489 2249 630 2288 speciale
667 2250 800 2280 relatum
836 2251 1026 2280 invenimus.
1081 2250 1208 2289 'l'obba,
1245 2249 1329 2278 filius
1356 2248 1516 2288 Hassani,
1547 2257 1648 2287 nepos
1676 2246 1852 2277 Colaicarbi
1881 2247 2025 2276 Meccam

238 2313 460 2352 Medinamque
476 2321 685 2353 expugnasse
703 2317 847 2342 narratur
874 2313 955 2342 conf.
972 2313 1113 2343 Historia
1126 2313 1273 2341 Iemanae
1289 2321 1317 2350 p.
1334 2310 1390 2340 80.
1417 2310 1465 2339 De
1491 2320 1563 2340 arce
1591 2316 1739 2349 tanquam
1768 2318 1906 2349 persona
1930 2311 2026 2347 poeta

239 2375 373 2404 verbum
399 2385 485 2419 &aaz
511 2373 663 2403 adhibuit.
716 2374 815 2404 Simili
842 2374 934 2403 modo
961 2374 991 2403 in
1012 2374 1200 2413 proverbio:
1229 2373 1320 2403 »Arx
1338 2372 1443 2402 Marid
1459 2375 1612 2411 pervicax
1631 2377 1663 2402 et
1682 2382 1739 2402 arx
1759 2371 1894 2401 Alablak
1912 2372 2025 2408 potens

240 2436 320 2466 fuit«
351 2435 471 2474 (conf.
498 2435 595 2467 Meid.
623 2436 659 2466 C.
690 2435 723 2476 3,
752 2435 840 2475 32).
901 2436 1003 2474 Sunt,
1038 2438 1092 2475 qui
1127 2435 1252 2471 dicant,
1286 2434 1428 2463 Tobbam
1462 2434 1492 2463 in
1528 2433 1729 2472 expeditione
1763 2442 1822 2462 sua
1857 2431 1921 2461 ista
1955 2439 2027 2460 arce

241 2498 424 2537 impeditum
452 2498 481 2526 in
508 2500 672 2538 regionem
706 2497 865 2527 Iemamah
897 2506 959 2526 non
996 2499 1144 2528 intrasse.
1207 2496 1267 2526 Pro
1304 2506 1386 2526 voce
1423 2492 1485 2531 ,olgi
1522 2493 1622 2540 (dies)
1655 2496 1687 2525 in
1724 2494 1882 2524 Mersukii
1919 2493 2026 2523 codice

242 2559 318 2608 01ϋί
346 2556 519 2603 (tempora)
546 2559 672 2600 legitur.
726 2560 775 2589 De
809 2557 918 2599 modo,
957 2567 1019 2599 quo
1055 2567 1121 2588 vox
1158 2567 1226 2588 cum
1253 2558 1462 2597 sequentibus
1490 2558 1659 2589 coniuncta
1684 2561 1736 2586 est
1762 2555 1883 2594 [conf.
1913 2555 2024 2587 Gram.
