2247 2865
975 95 1249 126 —628—

222 213 281 244 20.
314 208 442 249 Quibus'
463 212 523 240 etsi
551 210 688 248 infestus
716 217 787 237 stem
817 209 848 236 et
874 206 1022 235 iniuriam
1053 207 1172 244 infero,
1211 208 1318 234 tamen
1347 214 1402 239 eo,
1443 202 1527 241 quod
1554 202 1651 230 corda
1679 211 1786 230 eorum
1816 201 1931 240 laedit,
1965 211 2019 232 cor

985 269 1087 289 meum
1110 259 1255 288 laeditur.

223 334 276 363 21.
297 333 383 363 Nam
405 334 439 361 in
460 332 664 371 defendendis
687 330 808 359 iuribus
827 331 920 366 pater
943 335 1051 356 eorum
1070 328 1162 362 pater
1183 334 1272 353 meus
1294 326 1343 352 est
1363 326 1394 352 et
1413 323 1591 352 avunculus
1614 332 1720 351 eorum
1735 321 1915 350 avunculus
1933 331 2022 350 meus

887 384 918 410 et
939 391 1018 410 avus
1040 389 1147 409 eorum
1170 388 1250 407 avus
1269 387 1366 406 meets.

224 456 281 485 22.
309 453 460 484 Lanceae
488 461 593 481 eorum
622 450 817 487 Ionyiludine
846 447 967 476 lanceis
989 448 1108 475 nostris
1137 445 1256 474 similes
1278 446 1355 473 sunt
1375 446 1406 472 et
1426 445 1450 472 ii
1470 444 1558 472 nobis
1580 443 1701 472 similes
1722 445 1799 471 sunt
1819 442 1925 476 modo,
1962 451 2023 480 quo

920 501 989 530 lora
1011 509 1055 529 ea:
1077 501 1161 528 corio
1186 498 1331 527 dissecta.

324 590 358 619 In
385 588 473 618 hisce
498 587 647 617 versibus
682 594 812 616 causam
847 583 971 623 adfert,
1007 592 1084 620 cur,
1118 581 1178 612 etsi
1207 589 1295 610 arma
1322 583 1433 609 contra
1461 587 1516 608 eos
1543 578 1670 618 tulerit,
1708 583 1815 608 tamen
1842 578 1881 608 ad
1909 587 2022 618 pacem

227 651 404 682 faciendam
432 659 613 690 propensus
641 651 694 678 sit.
748 647 852 685 Quum
880 648 962 676 enim
992 645 1100 675 intimo
1129 642 1331 684 cognationis
1360 641 1488 671 vinculo
1525 641 1681 671 coniuncti
1718 642 1783 671 sint
1815 646 1848 671 et
1883 641 2023 671 moribus

227 718 260 744 et
285 718 399 743 natura
425 713 559 752 similes,
587 721 649 740 non
676 719 775 750 posse
802 718 864 738 non
890 718 931 739 ex
958 707 1080 737 illorum
1108 704 1289 736 calamitate
1316 703 1426 733 dolore
1455 713 1492 732 se
1514 702 1619 732 adfici.
1663 702 1896 743 Cognationem
1922 705 2025 732 autem

227 781 291 806 tam
319 786 338 806 a
363 775 475 805 matris
502 779 594 814 parte
622 783 715 813 quam
743 782 762 803 a
788 772 887 812 patris
915 771 1015 801 latere
1043 778 1139 809 esse,
1170 777 1211 797 ex
1238 776 1276 796 eo
1304 766 1463 804 videmus,
1491 765 1574 804 quod
1602 765 1750 794 avunculi
1781 774 1905 804 quoque
1931 774 2024 794 men-

227 838 344 868 tionem
371 838 457 867 fecit.
509 837 630 866 Eadem
659 836 841 865 lancearum
875 832 1040 874 longitudo
1068 830 1199 861 eosdem
1227 838 1333 859 mores
1369 838 1446 858 esse
1483 828 1607 858 indicat.
1660 828 1746 857 Lora
1781 837 1823 857 ex
1856 837 1919 856 una
1954 830 2025 856 cute

227 905 353 931 resecta
385 910 437 930 res
465 899 636 929 simillimas
664 898 836 938 designant
862 900 893 926 et
919 896 949 925 in
977 894 1148 935 proverbio
1176 897 1243 922 est:
1281 892 1425 922 Resecta
1459 896 1532 922 sunt
1568 892 1638 921 eius
1672 890 1739 921 lora
1773 900 1813 920 ex
1847 891 1932 920 corio
1969 895 2025 920 tuo

227 963 247 993 i.
275 973 303 992 e.
330 963 387 993 tibi
413 962 589 991 simillimus
617 964 669 990 est
696 959 797 989 conf.
827 958 925 988 Meid.
946 958 1004 998 2¹>
1022 957 1081 987 98.
1109 956 1210 985 Poeta
1226 955 1306 985 dixit
1321 952 1429 998 (metr.
1450 951 1594 997 Wafir):
1626 968 1747 998 &fij-‘2⁴⁹⁸
1764 951 1856 998 sugg-oi
1871 968 1911 991 U·
1926 955 2025 992 2:205,

227 1026 276 1055 Et
305 1025 399 1054 lora
426 1033 510 1054 mea
537 1033 586 1053 ex
613 1023 729 1053 corio
757 1031 907 1052 eorum
936 1024 1105 1049 resecta
1131 1023 1231 1049 sunt.
1276 1019 1311 1047 In
1338 1018 1442 1048 medio
1469 1027 1568 1047 versu
1597 1018 1665 1047 loco
1694 1017 1788 1046 vocis
1814 1011 1915 1062 051⁰
1934 1017 2026 1046 Mer-

230 1088 315 1118 sukii
340 1086 452 1117 codice
479 1083 528 1131 Οἵ
557 1086 676 1127 legitur
702 1089 733 1115 et
760 1084 873 1115 tertius
900 1092 1018 1112 versus
1046 1082 1076 1111 in
1104 1081 1263 1111 Mersukii
1290 1080 1401 1110 codice
1429 1079 1643 1111 desideratur.

328 1147 549 1179 Abu-Hilalns
577 1149 731 1185 narravit,
764 1151 925 1185 tempore,
952 1152 1012 1183 quo
1041 1143 1260 1173 Albarradhus
1288 1142 1317 1172 b.
1347 1142 1426 1172 Kais
1455 1141 1650 1171 Ohrwahum
1678 1141 1707 1171 b.
1733 1140 1860 1171 Ohtbah
1890 1140 2026 1180 Djahfa-

230 1211 322 1241 ritam
340 1211 367 1250 ¹)
396 1210 568 1247 occideret,
596 1214 727 1250 gentem
754 1206 913 1237 Koraisch
940 1208 972 1235 in
999 1206 1067 1235 loco
1088 1204 1212 1235 Ohcats
1229 1203 1258 1243 ²)
1284 1204 1383 1234 fuisse
1410 1209 1443 1234 et
1470 1203 1541 1232 inde
1561 1203 1709 1232 Meccam
1738 1207 1846 1232 castra
1872 1203 2025 1232 movisse.

232 1273 370 1305 Gentem
397 1272 553 1302 Hawasin
581 1276 685 1301 autem
713 1271 805 1301 istius
833 1269 940 1299 caedis
965 1268 1075 1297 nuntio
1104 1266 1226 1306 perlato
1254 1265 1499 1302 Koraischitas,
1529 1273 1610 1304 quos
1639 1264 1798 1302 persecuti
1827 1268 1958 1303 essent,
1986 1263 2026 1293 ad

230 1336 333 1366 locum
361 1334 507 1365 Nachlah
536 1338 721 1363 assecutam
748 1341 824 1361 esse
851 1336 884 1361 et
913 1340 982 1360 cum
1011 1340 1049 1360 ea
1074 1322 1227 1369 proelium
1255 1327 1467 1367 commisisse,
1497 1326 1597 1356 donec
1612 1326 1836 1356 Koraiscllitae
1862 1326 2025 1366 regionem

231 1399 358 1429 ditionis
389 1406 500 1427 sacrae
518 1397 702 1426 intrassent.
730 1396 774 1425 Ibi
801 1399 894 1425 nocte
922 1392 1172 1433 superveniente
1199 1394 1328 1431 gentem
1356 1398 1375 1418 a
1400 1388 1622 1428 persequendo
1642 1398 1676 1418 se
1692 1388 1897 1418 abstinuisse.
1927 1389 2027 1418 Poeta

232 1461 397 1493 Chidasch
423 1462 451 1491 b.
482 1460 596 1491 Sohair
624 1460 716 1489 istius
744 1460 790 1488 rei
823 1457 1015 1487 mentionem
1049 1454 1126 1485 fecit
1159 1453 1267 1483 dicens
1301 1448 1408 1495 (metr.
1439 1447 1585 1493 nasum:
1628 1450 1654 1480 Ο
1685 1460 1800 1490 quem
1836 1452 2026 1490 impetum

232 1525 396 1555 fecimus
425 1523 534 1553 haud
569 1523 709 1552 levem
744 1524 893 1551 eontra
920 1523 1082 1560 gentem
1110 1516 1322 1547 Sachinah
1351 1515 1605 1555 (cognomen
1633 1515 1783 1554 gentis
1809 1512 2026 1542 Koraisch

232 1587 338 1617 conf.
366 1587 505 1616 Meidan.
533 1585 767 1616 ¹1¹.111.P.1.
795 1594 824 1623 p.
853 1583 923 1613 555
953 1581 1059 1621 adm),
1100 1580 1175 1609 nisi
1210 1588 1286 1608 nox
1319 1584 1361 1608 et
1397 1578 1503 1608 ditio
1536 1588 1661 1608 sacra
1697 1578 2026 1608 intervenisset·

232 1649 489 1680 Mohammedem
517 1648 579 1677 isto
609 1652 750 1686 tempore
778 1646 891 1687 viginti
912 1645 942 1685 ³)
971 1653 1092 1684 annos,
1120 1641 1405 1672 Abu-Thalebum
1432 1641 1601 1681 sexaginta
1629 1650 1729 1670 annos
1757 1640 1916 1671 habuisse.
1967 1639 2028 1669 Al-

233 1712 410 1742 barradhus
440 1716 546 1742 autem
574 1721 639 1741 rem
664 1718 915 1741 commemorans
943 1707 1022 1737 dixit
1049 1704 1156 1749 (metr.
1186 1701 1343 1746 Thau·i1):
1371 1704 1468 1733 Viri
1498 1703 1717 1733 Cilabitae
1744 1702 2026 1743 gloriationem

233 1775 473 1804 vindicavi
509 1778 547 1804 et
582 1774 652 1803 iam
683 1773 780 1802 olim
807 1770 1012 1812 gloriandi
1045 1769 1205 1799 modum
1242 1777 1314 1796 non
1350 1766 1543 1795 ferebam.
1598 1765 1757 1795 Gladii
1790 1764 1886 1794 acie
1914 1774 2027 1793 sum-

235 1846 330 1866 mum
358 1836 445 1865 eius
474 1839 598 1874 caput
624 1835 835 1875 percussi
861 1837 899 1863 et
926 1832 1003 1862 ille
1031 1831 1197 1871 effecit,
1230 1834 1271 1859 ut
1297 1828 1515 1866 utriusque
1544 1827 1681 1856 vallis
1708 1825 1879 1856 incolas
1907 1826 2027 1865 plan-

235 1903 345 1928 ctum
372 1898 566 1929 audirent.

1044 1988 1207 2024 CCLI.

236 2058 453 2093 Aliticah
471 2057 576 2093 filia
590 2054 1155 2093 Anba-Almotnssnalebi
1172 2051 1271 2095 (avi
1283 2049 1665 2091 Mohammeclis)
1682 2049 1805 2084 «lixit
1821 2051 2028 2085 eandem

921 2120 1027 2145 rem
1049 2106 1337 2150 respiciens.

333 2186 536 2218 Scholiastes
563 2195 675 2215 nomen
699 2185 836 2216 Aliticah
864 2184 1099 2224 explicaturus,
1127 2189 1207 2220 quae
1236 2189 1303 2209 vox
1329 2181 1473 2208 veterem
1500 2181 1532 2206 et
1559 2176 1766 2207 rubicundum
1794 2175 1935 2215 (arcum)
1963 2175 2025 2206 de-

257 2303 284 2330 1)
302 2302 362 2331 lpse
381 2302 413 2324 ad
432 2305 535 2332 gentem
557 2300 647 2324 Ahmir
666 2300 688 2322 b.
707 2300 833 2323 zahzaah
853 2299 990 2328 pertinens
1008 2303 1156 2327 cognomen
1175 2285 1277 2333 &5555
1299 2291 1421 2321 (multum
1441 2291 1489 2313 iter
1502 2288 1618 2320 faciens]
1638 2289 1758 2319 gerebat.
1789 2289 1927 2311 Nonnulla
1943 2288 2025 2311 virum

304 2360 454 2390 spectantia
472 2362 498 2383 et
518 2366 625 2383 cansam
645 2359 733 2382 caedis
752 2357 812 2380 vide
825 2359 893 2386 apud
903 2358 1068 2380 Rasmussen
1081 2356 1104 2378 in
1118 2355 1199 2378 libro:
1218 2353 1403 2376 Additnnienta
1415 2352 1447 2374 nd
1459 2351 1552 2374 histor.
1565 2350 1680 2373 Arabum
1693 2353 1740 2372 etc.
1754 2355 1778 2378 p·
1788 2358 1819 2374 Α.
1852 2349 1956 2373 Caedes
1977 2347 2027 2370 viri

303 2415 402 2438 bellum
420 2412 572 2444 Alfidjar
590 2414 804 2444 cognominatum
824 2411 952 2435 accendit..

253 2459 285 2489 2)
305 2458 420 2482 Ohcuths
439 2465 531 2481 nomen
552 2458 606 2481 loci
626 2458 650 2480 in
671 2456 774 2480 deserto
795 2457 864 2479 iuter
883 2455 1007 2484 oppidum
1026 2452 1125 2484 'rhajer
1141 2456 1168 2476 et
1186 2454 1284 2478 vallem
1303 2455 1428 2479 Nnchlab
1451 2454 1552 2485 (spatio
1572 2454 1658 2477 noctis
1676 2454 1708 2477 nb
1730 2453 1793 2476 urbe
1812 2453 1904 2474 Mccca
1923 2449 2027 2472 distau—

303 2507 366 2531 [ειη]
387 2507 438 2526 est.
472 2504 500 2526 Ln
521 2503 571 2526 iste
591 2503 652 2526 luco
672 2509 730 2526 cum
750 2500 890 2525 novilunio
910 2500 1006 2523 mensis
1026 2500 1225 2524 Dsu—I‘Kuhdah
1247 2508 1326 2532 usque
1346 2504 1378 2525 ad
1399 2502 1553 2526 vicesimum
1572 2500 1706 2524 nundinae
1723 2502 1807 2522 erant.
1831 2497 1932 2520 Multae
1952 2498 2025 2519 Ara-

301 2550 360 2572 bum
379 2552 473 2579 gentes
492 2549 525 2571 ibi
545 2549 689 2572 convenire
708 2553 733 2572 et
751 2547 912 2571 carminibus
931 2552 1035 2575 quoque
1055 2546 1123 2569 inter
1141 2553 1170 2570 se
1189 2546 1219 2570 de
1238 2548 1327 2578 gloria
1345 2552 1453 2571 certare
1472 2548 1602 2570 sotebant.

253 2598 281 2627 3)
300 2597 328 2621 In
349 2596 472 2620 Meidunii
489 2603 570 2626 opere
589 2596 620 2619 T.
639 2596 682 2619 111.
702 2597 728 2618 P.
747 2595 767 2618 1.
787 2601 811 2624 p.
831 2593 893 2617 554.
912 2592 1037 2624 legimus,
1057 2591 1260 2616 Mohzunmedem
1279 2592 1481 2622 quatuordeeim
1501 2598 1586 2615 annos
1606 2591 1657 2615 isto
1676 2593 1791 2619 tempore
1810 2591 1901 2611 natum
1920 2594 1986 2611 esse.
