2247 2865
971 96 1217 128 —33—

202 198 249 229 Illi
274 201 392 239 autem,
418 208 456 229 se
481 197 512 229 id
539 196 678 229 facturos
704 205 790 238 esse,
818 196 976 230 dixerunt.
1029 198 1074 228 At
1101 207 1180 239 gens
1207 200 1433 229 Banu-Masen
1461 204 1493 230 et
1519 209 1598 240 gens
1626 202 1857 234 Baiiu-Jarbuh
1884 204 1981 245 igitui-

201 261 367 302 profectae
394 271 486 292 mnne
514 262 544 291 in
571 264 673 290 terrae
701 265 804 290 tractu
832 261 896 290 alto
925 269 1020 300 super
1048 261 1116 291 loco
1151 262 1256 299 elato,
1279 261 1361 292 undo
1397 267 1588 302 prospectus
1628 263 1657 292 in
1686 265 1787 295 locum
1816 267 1979 309 wakaba,

201 324 424 354 versabantur.
452 323 543 355 Gens
562 322 795 354 Banu-Jurbuli
824 323 853 352 in
879 323 1022 362 margine
1033 323 1171 364 regionis
1192 327 1268 354 erat.
1312 324 1414 362 Quam
1429 324 1542 354 videns
1569 334 1649 365 gens
1670 326 1861 358 Banu-Beer
1886 329 1979 360 dixit:

200 385 265 416 lter
280 385 458 416 facientium
484 385 598 415 cohors
614 385 706 414 vobis
732 385 876 415 imminet.
906 386 1069 416 Boraikali
1098 392 1203 416 autem
1224 386 1286 417 iilia
1300 388 1470 417 Seliaibani
1489 389 1643 419 Taimitac
1654 389 1749 420 dixit:
1779 391 1840 420 Per
1857 389 1976 423 Deum!

200 447 280 486 iuro,
297 457 347 478 me
360 447 470 478 videre
484 448 595 489 galeas
612 448 816 487 splendentes
839 454 871 478 ct
888 449 1036 488 cuspides
1059 448 1232 489 fulgentes,
1260 448 1378 478 l'rodiit
1394 449 1491 489 igitur
1506 449 1574 479 eius
1590 456 1680 489 patei·
1696 460 1807 482 secum
1825 454 1979 485 vexillum

201 509 321 541 liabens
349 514 380 541 et
404 510 530 540 dicens:
554 511 632 540 Dies
660 514 691 541 ut
716 510 783 541 dies
799 511 933 552 agminis
953 512 1056 552 gentis
1076 511 1363 541 Banu-Nahsclial.
1391 512 1472 542 'rum
1492 518 1592 542 metro
1612 513 1733 554 Redjcs
1753 515 1836 546 hunc
1851 526 1980 548 versum

200 574 365 606 recitavit:
403 574 491 604 Nos
518 574 701 604 fodimus
729 579 768 604 et
797 574 962 614 primum
990 574 1155 604 initium
1186 573 1365 603 fecimus
1393 579 1431 604 et
1457 584 1531 604 non
1560 576 1716 606 erimus
1743 579 1915 610 incolae
1942 580 1980 610 in

199 638 325 669 alium
353 638 487 669 locum
517 638 726 668 translati
743 638 780 677 ¹).
832 637 965 676 Quidam
993 647 1011 667 e
1038 642 1136 678 gente
1162 637 1243 677 (teg.
1269 643 1320 677 ἐς
1344 652 1386 675 0-
1403 637 1494 682 ῥῷ)
1524 639 1762 681 Βαιιυ-Μᾶεοη,
1788 642 1839 671 cui
1866 651 1980 673 nomen

198 700 368 740 Atahdjlan
395 701 424 731 b.
452 701 569 731 llofaiz
596 710 717 740 equam,
744 710 806 740 qua
828 700 1017 740 vehebatur,
1045 700 1169 730 scutica
1195 700 1356 738 percussit
1383 704 1414 730 et
1442 705 1553 731 contra
1580 711 1637 731 eos
1666 699 1807 746 (hostes)
1837 704 1981 737 incitavit

197 762 326 796 dicensz
354 764 440 794 Deus
467 773 567 803 equos
596 773 665 794 cum
693 763 820 793 camelis
847 767 1013 793 curreutes
1045 761 1198 791 dedecore
1225 760 1374 794 adliciat!
1404 762 1544 792 Secutus
1571 773 1642 793 eum
1669 769 1721 794 est
1748 764 1926 797 Olizaimah
1953 768 1981 803 b.

198 826 314 856 Ahzim
342 826 371 856 b.
399 825 606 866 Djowairijah
627 826 814 867 cognomine
833 824 1019 864 Aladjdsam
1039 822 1150 865 (manu
1170 829 1332 854 truncatus
1343 826 1385 865 ι’),
1413 826 1536 856 camelo
1560 827 1681 857 vehens
1699 833 1732 858 et
1758 830 1828 859 albo
1856 831 1980 861 indusio

197 897 294 928 supra
319 888 448 919 loricam
476 893 595 929 tectus,
623 889 674 928 qui
700 898 792 918 manu
824 887 976 918 vexillum
1004 886 1158 926 portabat.
1185 885 1324 924 Operam
1352 886 1402 916 liic
1429 887 1524 926 dedit,
1551 893 1585 919 ut
1606 890 1784 920 Masenitas
1807 891 1980 934 cohiberet,

197 950 300 981 donec
326 952 514 992 congregati
540 955 662 981 essent.
706 951 770 980 Illis
797 950 987 990 nolentibus,
1011 948 1082 979 dum
1100 958 1181 978 uuus
1209 948 1343 978 alterum
1369 959 1466 979 cursu
1492 953 1728 993 praevertebat,
1753 955 1837 984 hosti
1869 965 1981 987 occur-

189 1011 246 1044 'rit.
285 1013 465 1044 Scbaibano
504 1019 622 1054 autern,
659 1014 740 1052 patri
774 1013 940 1052 Boraikae,
981 1021 1076 1052 quum
1104 1011 1230 1040 obviam
1269 1011 1337 1050 ipse
1377 1013 1520 1051 veniret,
1559 1014 1640 1045 alter
1668 1016 1798 1048 alterum
1829 1019 1979 1051 confodit.

196 1076 359 1106 Indusium
384 1080 506 1117 autem,
539 1085 600 1115 quo
628 1075 804 1105 Olizaimali
837 1080 944 1106 tectus
980 1080 1066 1115 crat,
1107 1083 1199 1114 quum
1226 1084 1245 1104 a
1271 1074 1444 1104 femoribus
1471 1081 1626 1107 retectum
1655 1085 1763 1117 esset,
1798 1084 1866 1126 (1,,
1890 1085 1981 1131 ¹2)

196 1137 246 1168 hio
271 1141 375 1168 vii-uni
402 1148 443 1168 ex
470 1139 790 1179 Maseniiis,110n1ine
818 1138 971 1180 Chonais,
988 1137 1159 1168 advocavit
1187 1135 1312 1166 dicens:
1347 1138 1373 1167 Ο
1395 1138 1566 1179 Chonaise,
1587 1141 1743 1174 indusium
1769 1154 1787 1174 a
1808 1145 1980 1178 femoribus

197 1202 277 1232 meis
299 1202 430 1232 demitte
440 1197 487 1242 ³)!
515 1202 696 1232 Chonaisus
716 1211 813 1241 quum
839 1202 974 1231 veniens
989 1200 1149 1230 indusium
1174 1209 1192 1229 a
1218 1199 1390 1230 femoribus
1408 1201 1576 1234 demittere
1593 1205 1701 1247 veliet,
1719 1217 1736 1238 a
1755 1209 1824 1238 viro
1840 1220 1858 1239 e
1884 1214 1981 1251 gente

195 1264 467 1295 Banu—Schaiban
494 1275 669 1305 percussus
698 1270 731 1295 et
758 1265 886 1295 occisus
916 1268 975 1295 est.
1004 1264 1206 1294 Schaibanus
1234 1268 1301 1294 tum
1329 1264 1507 1295 adveniens
1535 1267 1564 1297 in
1593 1268 1781 1301 thaimahi
1806 1271 1836 1301 b.
1865 1273 1982 1305 Ahzim

196 1326 352 1357 sinistram
379 1337 504 1357 manum
533 1328 630 1357 ictum
658 1327 790 1368 inflixit,
820 1337 880 1367 quo
908 1330 973 1358 tres
1000 1327 1089 1368 digiti
1116 1331 1422 1367 amputarentur3at
1449 1329 1667 1361 Olizaimahus
1695 1333 1797 1372 capite
1823 1345 1981 1374 percusso

197 1395 268 1417 eum
294 1388 420 1418 occidit.
473 1388 621 1419 Arbadus
647 1389 676 1421 b.
703 1388 863 1419 Seliaiban
889 1390 973 1419 hunc
995 1400 1126 1420 versum
1149 1396 1248 1421 metro
1267 1391 1388 1431 Rcdjes
1417 1401 1494 1422 usus
1505 1390 1536 1431 ⁴)
1555 1394 1710 1425 recitavit.
1746 1396 1875 1430 Ecce!
1902 1397 1981 1428 hoc

196 1448 319 1479 hodie
363 1455 431 1480 est
464 1451 605 1480 malum
647 1456 975 1492 congregatum,
1012 1452 1089 1482 duo
1125 1453 1246 1494 duri,
1275 1464 1379 1495 gens
1415 1456 1563 1485 Masen
1599 1461 1638 1486 et
1673 1458 1830 1489 Jarbuh
1863 1465 1895 1490 et
1921 1461 1981 1491 im-

196 1515 270 1552 petu
296 1512 379 1543 facto
407 1512 595 1542 Olizaimalii
622 1513 788 1543 dexteram
816 1523 940 1543 manum
968 1514 1112 1544 abscidit.
1149 1514 1241 1545 Gens
1268 1521 1375 1545 autem
1404 1516 1484 1546 Beer
1513 1526 1608 1555 quum
1635 1518 1802 1550 clamaret:
1843 1520 1869 1551 Ο
1897 1531 1980 1562 gens

195 1570 436 1604 Banu-Masen!
474 1584 590 1615 parce,
629 1570 783 1614 pamel-³³)
819 1575 857 1605 ad
890 1585 1001 1614 pacem
1037 1586 1074 1605 se
1107 1586 1318 1616 composuere
1354 1588 1488 1617 namque
1515 1588 1596 1618 gens
1623 1580 1851 1612 Banu-Masen
1877 1593 1982 1623 neque

195 1635 349 1666 Chonaisi
375 1637 454 1666 socii
472 1637 521 1665 sui
546 1636 689 1677 caedem,
717 1646 818 1676 neque
838 1638 910 1677 quid
932 1637 1120 1668 Olizaimalii
1141 1640 1245 1669 manui
1264 1640 1467 1681 contigisset,
1495 1641 1626 1674 sciebat.
1682 1642 1782 1681 Quam
1798 1655 1864 1675 rem
1887 1656 1980 1686 quum

194 1698 411 1730 thaimahus
438 1699 584 1737 vidisset,
601 1709 726 1729 manum
754 1710 844 1730 suam
873 1701 1046 1730 abscissam
1074 1702 1194 1731 manica
1220 1703 1344 1732 tunicae
1371 1713 1450 1734 suae
1479 1706 1561 1744 cepit
1587 1711 1620 1736 et
1647 1716 1743 1747 quum
1770 1711 1875 1740 tunica
1904 1720 1981 1742 san-

193 1762 290 1803 guine
318 1763 447 1802 impleta
476 1768 586 1801 esset,
621 1772 677 1793 ora
702 1764 933 1793 Maseuitarum
965 1764 1145 1803 conspersit
1173 1763 1295 1794 dicens:
1330 1766 1413 1796 Num
1440 1772 1513 1806 post
1540 1768 1599 1798 hoc
1625 1771 1818 1807 parcendum
1847 1779 1898 1804 est
1925 1780 1980 1805 aut

194 1820 283 1864 pax?
317 1825 398 1854 'l'um
426 1834 551 1854 manum
579 1825 718 1855 ostendit
746 1834 869 1865 eosque
896 1825 935 1856 de
962 1827 1062 1857 caede
1089 1826 1242 1857 Chonaisi
1266 1828 1422 1858 certiores
1460 1829 1544 1860 fecit.
1594 1831 1735 1862 Posthac
1769 1835 1980 1867 vehementer

194 1891 387 1927 pugnarunt.
415 1886 572 1917 Chofasus
599 1887 628 1917 b.
655 1888 747 1917 Hasn
771 1888 885 1926 impetu
913 1887 997 1918 facto
1024 1888 1235 1919 Scliaibanum
1263 1890 1289 1919 b.
1320 1890 1487 1921 Cliazafah
1506 1893 1641 1935 occidit3
1671 1897 1844 1927 Horaiisus
1864 1899 1893 1928 b.
1913 1899 1978 1930 Sa-

195 1949 299 1979 lamah
324 1951 444 1988 impetu
471 1949 556 1980 facto
584 1950 741 1980 Kabizahi
766 1950 912 1980 Kaisitae
938 1950 1049 1990 pedem
1077 1952 1246 1981 truncavit.
1287 1953 1366 1982 Tum
1386 1964 1468 1995 gens
1489 1956 1572 1986 Beer
1587 1957 1616 1987 b.
1636 1957 1746 1998 Wajel
1773 1960 1803 1990 in
1833 1967 1977 2000 apertam

195 2012 303 2053 fugam
330 2020 366 2042 se
392 2011 488 2042 dedit.
524 2013 582 2043 Vir
597 2012 721 2051 quidam
739 2022 757 2042 e
771 2016 866 2054 gente
881 2012 1114 2042 Banu-Jarbub
1143 2014 1313 2044 Boraikam
1333 2014 1429 2046 filiam
1450 2017 1618 2049 Schaibani
1645 2022 1805 2060 captivam
1833 2023 1977 2055 facturus

194 2074 340 2105 manibus
366 2074 506 2113 arripuit.
533 2075 576 2105 At
591 2074 808 2105 Olizaimahus
827 2074 923 2104 dixit:
958 2075 1116 2114 Tempore
1141 2075 1304 2116 religionis
1324 2077 1596 2111 Mohammedicae
1623 2083 1794 2121 captivitas
1821 2094 1883 2115 nou
1913 2091 1974 2117 est.

195 2138 266 2179 Ego
293 2146 403 2167 omnes
430 2146 538 2167 eorum
566 2138 713 2167 mulieres
739 2140 771 2168 in
798 2137 977 2168 clientelam
1004 2137 1134 2177 recipio,
1161 2146 1201 2166 ne
1227 2139 1375 2177 captivae
1401 2141 1607 2173 abducantur.
1645 2146 1743 2175 lussit
1769 2154 1876 2178 autem
1902 2159 1972 2179 mu-

194 2200 292 2230 lieres
320 2199 444 2240 (gentis
470 2199 567 2238 suae)
595 2199 724 2229 camelis
751 2198 911 2229 vehentes
938 2207 995 2229 eas
1024 2199 1168 2229 comitari
1203 2210 1242 2231 ac
1274 2210 1383 2233 secum
1419 2210 1549 2243 portare
1582 2207 1811 2251 Seliaibanuui,
1851 2216 1973 2250 patrem

215 2320 245 2351 1)
264 2321 284 2344 Ι.
301 2327 324 2344 e.
343 2319 429 2350 Quum
448 2325 498 2342 nos
516 2322 622 2349 putenm
641 2320 826 2351 effoderimus,
851 2321 935 2345 maius
958 2320 1036 2345 nobis
1063 2320 1089 2344 in
1113 2324 1219 2351 puteum
1237 2324 1279 2348 ius
1299 2328 1353 2355 est,
1377 2333 1453 2356 quam
1473 2327 1531 2359 his,
1553 2329 1597 2360 qui
1614 2337 1645 2353 ex
1664 2330 1718 2354 alio
1736 2331 1798 2355 loco
1816 2332 1849 2355 ad
1867 2336 1972 2363 puteum

259 2367 443 2390 accesserunt.

211 2411 243 2443 2)
259 2412 353 2436 Virum
372 2411 477 2435 nonnisi
495 2416 556 2442 post
575 2412 703 2442 praelium
720 2419 870 2444 cognomen
887 2414 1034 2445 accepisse,
1052 2422 1065 2438 e
1083 2416 1254 2446 sequentibus
1272 2417 1405 2442 coniicere
1423 2418 1497 2443 licet.

211 2459 241 2486 8)
257 2458 376 2481 Membra
393 2457 462 2481 nuda
480 2458 608 2488 conspici,
627 2459 749 2483 dedecori
766 2463 833 2483 erat.

210 2503 244 2535 4)
262 2503 345 2535 Quem
363 2504 523 2528 scholiastes
543 2511 648 2527 versum
670 2505 746 2528 meu-i
763 2504 862 2537 Redjes
881 2513 939 2530 esse
958 2507 1030 2538 dicit,
1049 2507 1070 2530 is
1089 2508 1178 2538 potius
1197 2512 1280 2532 metro
1299 2509 1377 2533 Sarih
1395 2511 1608 2535 adnumerandus
1627 2516 1677 2536 est.

211 2569 242 2601 ὃ)
260 2571 338 2600 Apud
356 2576 449 2594 vocem
466 2555 569 2604 ωῐ,
587 2571 630 2595 cui
649 2578 727 2596 casus
745 2573 893 2598 accusativi
912 2577 962 2606 est,
981 2575 1090 2599 verbum
1108 2575 1286 2606 supplendum
1305 2579 1354 2600 est.

1706 2636 1726 2666 οι
