2247 2865
1100 143 1134 164 IV

232 238 260 267 p.
283 227 334 257 90.
361 226 427 256 126.
452 225 518 255 148.
549 225 613 255 193.
645 224 713 254 231.
736 224 807 254 247.
829 224 900 254 288.
931 223 1001 253 291.
1024 222 1091 253 312.
1118 223 1189 259 332,
1215 233 1274 263 quo
1298 224 1347 254 vir
1369 224 1421 254 niti
1452 228 1557 263 potest
1580 228 1611 253 et
1634 223 1716 263 quod
1750 223 1809 253 sibi
1831 232 2015 263 comparare

232 281 336 321 debet,
360 290 388 320 p.
419 280 491 311 308.
521 280 590 310 314.
612 279 682 315 327,
707 290 766 319 qno
797 284 900 309 autem
924 279 973 307 vir
995 278 1182 315 destituitur,
1208 288 1237 317 p.
1259 278 1321 307 259
1343 277 1458 307 mentio
1488 278 1574 307 facta
1595 281 1653 306 est.
1698 278 1904 316 Exspectatio
1933 277 2016 307 falsa

231 336 427 373 vituperatur
450 345 478 375 p.
499 335 569 365 288.
612 335 662 363 Ex
684 331 865 361 fortitudine
889 330 983 359 animi
1006 331 1108 360 minae
1131 331 1268 360 oriuntur
1292 340 1321 368 p.
1341 330 1389 359 67.
1412 330 1460 360 78.
1486 330 1553 360 153.
1577 330 1648 360 255.
1671 329 1742 368 315,
1768 329 1945 359 fortitudine
1960 340 2014 360 re-

230 389 388 428 pelluntur
411 398 440 428 p.
465 388 534 418 120.
557 392 609 417 aut
631 396 691 416 non
714 385 860 415 timentur
882 394 910 423 p.
933 384 982 415 59.
996 384 1044 414 63.
1064 384 1130 414 159.
1156 384 1223 415 181.
1266 383 1439 423 Inimicitia,
1464 384 1566 423 qualis
1588 384 1667 413 inter
1689 384 1814 413 Arabes
1836 391 1910 412 esse
1921 383 2014 422 solet,

230 451 325 481 quum
349 451 390 470 ex
410 441 502 471 animi
529 438 706 469 fortitudine
728 441 888 474 nascatur,
910 438 941 466 in
964 436 1026 466 hoc
1048 446 1173 476 quoque
1195 438 1298 477 capite
1321 442 1472 469 tractatur
1497 448 1524 477 p.
1538 437 1605 467 195.
1621 435 1692 468 310.
1735 436 1898 465 Inimicitia
1921 440 2013 465 vetus

233 495 402 527 excitanda
421 505 483 524 non
505 498 554 524 est
576 504 605 533 p.
630 493 699 522 110.
725 496 756 522 et
780 491 941 520 inimicitia
964 490 1002 520 ob
1023 495 1152 529 puteum
1176 491 1382 531 vituperanda
1404 501 1433 531 p.
1447 491 1513 522 122.
1535 491 1638 521 Poeta
1667 490 1798 519 aliorum
1823 489 2014 518 inimicitiam

229 550 373 591 negligit,
396 558 415 578 a
438 549 552 588 quibus
575 551 683 576 contra
706 545 766 584 ipsi
788 545 968 574 infestiores
991 544 1137 574 auxilium
1159 549 1265 584 speret
1286 556 1315 585 p.
1331 545 1399 575 112.
1422 550 1453 575 et
1475 545 1625 583 inimicos,
1645 555 1685 576 ne
1698 546 1779 575 ultra
1800 544 1926 575 modurn
1938 555 2014 584 pro-

230 603 354 643 cedant,
377 602 526 636 hortatur,
551 611 580 640 p.
596 600 663 630 196.
706 600 812 630 Fortis
831 608 954 639 quoque
967 598 1059 628 animi
1075 603 1137 639 est⁷
1161 599 1265 630 odium
1288 599 1501 640 invidiamque
1523 600 1652 631 aliorum
1675 611 1736 631 non
1758 610 1868 631 curare
1890 609 1918 639 p.
1943 599 2014 631 108.

233 658 298 689 198.
310 657 382 688 205.
425 655 541 686 Vilium
565 654 667 684 odium
683 654 882 683 honestatem
905 657 1045 683 nostram
1068 654 1181 693 probat
1202 664 1232 693 p.
1247 655 1313 685 119.
1337 659 1369 685 et
1381 655 1498 685 invidia
1520 655 1741 686 auctoritatem
1763 659 1904 685 nostram
1916 657 2014 693 auget

228 723 255 752 p.
282 712 347 741 109.
391 710 496 740 Fortis
521 709 642 739 animus
664 708 843 747 superbiam
865 707 1140 747 arrogantiamque
1161 708 1281 747 repellit
1306 718 1333 748 p.
1356 708 1423 738 116.
1442 708 1592 739 117.121.
1642 708 1725 739 Cum
1749 708 1809 738 ista
1831 708 2012 748 arrogantia

228 762 457 804 quodammodo
480 762 651 792 cohaerere
673 765 790 801 potest,
815 760 900 800 quod
923 764 1017 800 poeta
1039 761 1137 791 vitam
1160 761 1240 792 inter
1262 764 1447 804 peregrinos
1477 769 1638 803 peractam
1668 764 1827 804 vituperat
1855 767 1886 793 et
1915 763 2013 793 vitam

228 819 257 847 in
280 827 338 848 sua
360 821 457 857 gente
486 816 594 846 laudat
631 825 660 854 p.
691 815 758 845 174.
785 815 853 845 175.
893 814 1055 846 Modestia
1076 815 1106 845 in
1130 816 1199 846 viro
1228 818 1333 856 magni
1356 818 1501 848 habenda
1527 818 1695 858 superbiae
1722 817 1867 857 opposita
1888 827 1917 857 p.
1943 816 2011 849 118.

228 871 422 902 describitur.
466 871 570 900 Fortis
602 870 723 899 animus
753 869 881 899 iniurias
905 869 964 898 sibi
993 869 1096 899 illatas
1118 880 1178 899 non
1203 871 1279 909 fert3
1309 871 1366 901 sed
1389 873 1511 912 repellit
1538 883 1567 912 p.
1591 873 1658 904 113.
1682 874 1754 904 296.
1775 873 1851 911 3263
1888 882 1950 912 qua
1971 871 2012 902 de

227 935 328 955 causa
351 925 478 965 cognati
499 928 554 954 aut
585 923 771 954 occiduntur
793 933 821 963 p.
845 924 893 953 94.
916 923 965 953 96.
989 927 1042 952 aut
1072 923 1287 963 relinquuntur
1308 935 1336 965 p.
1362 926 1429 956 146.
1455 926 1522 957 147.
1543 927 1614 957 320.
1658 928 1712 957 Ne
1741 931 1909 966 paupertas
1939 926 2011 966 qui-

227 980 297 1010 dem
321 979 433 1019 virum,
458 983 490 1008 ut
512 988 548 1008 se
570 979 703 1014 abiiciat,
729 987 847 1018 cogere
872 978 967 1008 debet
988 987 1016 1017 p.
1038 977 1110 1009 207.
1132 978 1204 1008 Hac
1226 978 1256 1008 in
1278 989 1311 1008 re
1335 989 1432 1010 eausa
1454 980 1634 1020 quaerenda
1656 985 1718 1021 est,
1741 990 1796 1011 cur
1818 985 1911 1020 poeta
1933 991 2012 1011 con-

226 1039 272 1064 tra
295 1034 556 1074 vituperationem
580 1034 725 1063 iniustam
748 1042 784 1062 se
808 1031 955 1062 defendat
980 1042 1009 1072 p.
1035 1031 1103 1062 115.
1126 1036 1157 1062 et
1180 1032 1353 1062 calumnias
1376 1033 1494 1063 refutet
1516 1044 1544 1073 p.
1569 1034 1619 1064 63.
1644 1034 1712 1063 129.
1755 1034 1895 1064 Durities
1917 1034 2011 1064 forti-

225 1089 363 1129 tudoque
386 1076 478 1119 animi
501 1089 530 1118 in
552 1090 622 1118 rixa
646 1097 770 1127 quoque
793 1088 942 1126 cernitur,
967 1097 1047 1126 quae
1070 1087 1132 1117 filio
1156 1096 1227 1118 cum
1249 1088 1346 1127 patris
1371 1098 1471 1117 uxore
1500 1092 1551 1118 est
1573 1098 1602 1127 p.
1635 1088 1703 1118 131.
1735 1088 1803 1118 132.
1834 1087 1901 1118 139.
1924 1093 1957 1118 et
1979 1088 2010 1118 in

226 1143 301 1173 duro
325 1143 426 1178 modo,
453 1152 512 1182 quo
536 1142 639 1182 ipsum
662 1149 783 1182 patrem
807 1146 920 1172 tractat
942 1152 970 1182 p.
992 1140 1062 1172 354.
1085 1141 1171 1180 355.‚
1196 1142 1224 1171 in
1248 1142 1293 1182 vi>
1324 1152 1384 1182 qua
1407 1153 1471 1172 rem
1494 1143 1649 1182 inceptam
1674 1144 1853 1184 peragimus
1875 1154 1904 1183 p.
1926 1143 2009 1184 334„

225 1198 253 1227 in
277 1208 324 1235 eo,
353 1198 435 1237 quod
461 1198 596 1237 potentis
618 1198 773 1228 voluntati
802 1206 860 1227 nos
884 1207 946 1226 non
968 1196 1180 1226 submittimus
1203 1206 1233 1235 p.
1259 1197 1326 1226 101.
1351 1196 1420 1226 239.
1465 1196 1557 1227 Hanc
1578 1197 1616 1226 ob
1640 1206 1783 1243 causam,
1811 1197 1895 1237 quod
1918 1198 2009 1228 Mer-

225 1253 307 1281 wani
330 1251 443 1281 iudicio
466 1261 502 1281 se
525 1261 587 1281 non
611 1252 768 1290 subiiciat,
791 1256 884 1291 poeta
906 1260 941 1281 se
964 1254 1100 1280 excusat
1122 1261 1150 1289 p.
1179 1250 1245 1280 159.
1289 1250 1438 1280 Cernitur
1460 1261 1584 1292 quoqne
1605 1255 1701 1283 animi
1723 1254 1871 1285 fortitudo
1894 1255 1925 1283 in
1937 1262 2010 1283 ser-

223 1315 323 1340 mone,
348 1315 407 1344 quo
429 1315 494 1335 rem
516 1305 630 1336 acriter
652 1304 850 1335 defendimus
874 1314 902 1343 p.
925 1304 1013 1343 287,
1036 1304 1065 1332 in
1089 1303 1259 1342 desiderio,
1287 1312 1348 1342 qno
1370 1305 1402 1333 in
1425 1304 1541 1335 beilum
1565 1305 1772 1345 proficiscens
1794 1312 1889 1347 poeta
1910 1312 2008 1348 optat,

223 1366 256 1390 ut
278 1361 397 1391 amicae
414 1361 542 1390 relictae
556 1358 731 1389 recordatio
751 1358 885 1387 animum
901 1366 961 1386 non
981 1361 1117 1397 occupet
1133 1368 1160 1397 p.
1177 1356 1246 1389 316.
1271 1363 1324 1387 aut
1339 1363 1437 1397 optat,
1459 1363 1492 1388 ut
1509 1369 1588 1389 uxor
1599 1361 1669 1399 ipso
1687 1361 1797 1390 occiso
1815 1360 1885 1390 forti
1905 1369 2009 1400 gene-

223 1424 357 1454 rosoque
380 1414 476 1444 nubat
498 1424 526 1453 p.
553 1413 619 1443 172.
643 1413 763 1442 Eadem
786 1422 822 1442 se
839 1412 1018 1442 ostenditin
1034 1422 1081 1448 ee,
1106 1411 1189 1452 quod
1212 1417 1398 1451 paupertate
1421 1423 1481 1443 non
1505 1414 1724 1453 opprimimur3
1747 1413 1804 1444 sed
1827 1414 2008 1454 periculosa

224 1470 416 1508 molestaque
436 1468 555 1504 itinera,
580 1467 739 1507 inquibus
764 1468 874 1506 opibus
897 1467 1061 1506 potiamur,
1083 1467 1294 1505 suscipiamus
1318 1478 1345 1507 p.
1363 1467 1428 1497 156.
1451 1468 1521 1498 227.
1567 1468 1658 1498 Hanc
1681 1468 1719 1498 ob
1743 1478 1870 1503 causam
1895 1468 2007 1498 itinera

223 1523 477 1555 commendantur
497 1533 525 1562 p.
552 1523 620 1554 150.
663 1523 828 1553 Molestias
851 1524 934 1553 ferre
959 1524 1049 1554 fortis
1072 1524 1165 1554 animi
1188 1528 1236 1553 est
1253 1533 1280 1562 p.
1305 1522 1372 1551 140.
1401 1522 1466 1552 152.
1510 1523 1645 1562 Pauper,
1670 1523 1734 1562 qui,
1758 1522 1922 1561 quominus
1944 1522 2005 1551 iter

222 1577 603 1618 ingrediatu1·‚impeditus
613 1582 671 1613 est,
687 1578 895 1607 excusatione
906 1578 1000 1607 utitur
1017 1588 1045 1618 p.
1063 1577 1128 1608 141.
1151 1578 1351 1616 vituperatio
1372 1577 1409 1606 ob
1424 1577 1482 1606 iter
1496 1577 1698 1616 interruptum
1721 1577 1873 1607 refellitur
1894 1587 1925 1616 p.
1946 1576 2005 1606 152

222 1637 254 1662 et
275 1641 416 1662 crassum
447 1642 560 1672 corpus
582 1633 621 1662 ob
641 1633 788 1662 continua
815 1633 925 1662 itinera
947 1637 1047 1662 ortum
1071 1632 1142 1662 dicit
1164 1641 1192 1671 p.
1219 1633 1284 1663 158,
1328 1632 1483 1662 Patientia
1507 1640 1629 1671 quoque
1651 1633 1891 1671 constantiaque
1914 1631 2004 1660 fortis

222 1687 314 1717 animi
335 1687 447 1717 indicia
470 1696 563 1727 quum
586 1688 659 1726 sint,
688 1688 717 1717 in
741 1688 930 1718 carminibus
951 1686 1118 1717 laudantur
1140 1695 1168 1724 p.
1196 1685 1263 1714 1525.
1290 1685 1356 1715 198.
1402 1686 1558 1715 Patientia
1581 1685 1610 1714 in
1633 1684 1869 1714 calamitatibus
1892 1694 1920 1723 p.
1947 1684 2008 1714 169

221 1740 290 1770 236.
311 1740 395 1780 362,
425 1741 455 1769 111
482 1749 612 1771 carcere
629 1751 668 1781 .p.
698 1742 761 1780 22,
789 1742 818 1771 111
848 1747 947 1772 morte
970 1742 1141 1772 amicorum
1165 1750 1192 1780 p.
1215 1740 1277 1780 St,
1300 1741 1329 1770 in
1352 1742 1555 1780 separatione
1582 1740 1754 1770 amicorum
1787 1743 1851 1769 tum
1882 1738 2007 1769 descri-

223 1793 301 1823 bitur
324 1799 389 1823 tum
413 1793 558 1824 laudatur
579 1804 609 1834 p.
634 1794 701 1824 135.
729 1794 796 1824 136.
822 1794 890 1824 137.

303 1849 338 1878 In
360 1848 560 1887 disponendis
586 1848 788 1887 carminibus,
815 1848 844 1877 in
870 1849 982 1887 quibus
1012 1849 1134 1879 varium
1166 1854 1383 1890 argumentum
1413 1852 1572 1882 tractatur,
1604 1848 1672 1878 eius
1701 1848 1898 1888 potissimum
1927 1848 2007 1878 ratio

222 1902 363 1933 habenda
385 1909 445 1942 est,
470 1902 553 1942 quod
577 1911 647 1932 cum
671 1901 780 1931 duritie
803 1902 959 1941 animique
987 1903 1166 1933 fortitudine
1190 1904 1347 1934 cohaeret.
1393 1903 1545 1943 Singulos
1568 1903 1654 1932 locos
1677 1911 1749 1932 cum
1773 1903 1885 1941 capitis
1907 1912 2005 1944 argu-

222 1962 325 1987 mento
339 1958 460 1987 nonnisi
482 1958 644 1987 levissimo
669 1956 803 1996 quodam
817 1966 901 1985 nexu
924 1957 1108 1995 cohaerere,
1133 1966 1223 1986 nemo
1249 1967 1310 1986 non
1333 1956 1429 1985 videt.
1475 1955 1608 1992 Quidam
1632 1957 1693 1986 loci
1718 1957 1926 1995 inveniuntur,
1953 1957 2005 1996 qui

221 2014 345 2042 nonnisi
375 2012 528 2051 quandam
553 2012 590 2041 ob
614 2011 792 2051 argumenti
821 2010 1063 2048 similitudinem,
1092 2010 1272 2048 quaeipsis
1295 2018 1366 2038 cnm
1396 2009 1537 2048 proxime
1567 2009 1775 2040 antecedente
1806 2015 1871 2049 est,
1901 2011 2004 2040 locum

222 2065 407 2095 obtinuerint
428 2075 456 2104 p.
478 2066 526 2095 26.
549 2064 610 2104 36„
634 2065 704 2094 aliis
726 2068 831 2093 autem
854 2063 939 2092 nulla
962 2072 1090 2102 prorsus
1118 2065 1297 2102 argumenti
1322 2063 1490 2093 similitudo
1514 2063 1712 2093 intercedere
1734 2063 1869 2095 videtur.
1914 2063 2005 2102 Quae

223 2121 305 2148 enim
328 2123 379 2148 est
401 2127 471 2148 cum
496 2119 607 2157 eapitis
631 2122 819 2158 argumento
842 2116 1013 2149 similitudo
1036 2117 1066 2145 in
1083 2117 1152 2146 loco
1176 2127 1204 2156 p.
1229 2116 1311 2156 157„
1336 2117 1366 2146 in
1391 2126 1452 2156 quo
1476 2122 1674 2147 senectutem
1696 2118 1853 2147 iuventuti
1876 2117 2004 2157 praefe-

222 2172 349 2202 rendam
365 2181 438 2202 esse
455 2172 558 2212 docet,
583 2177 637 2202 aut
648 2171 770 2212 0342,
792 2172 891 2201 ubide
904 2171 999 2201 sactis
1021 2175 1163 2210 tempore
1185 2172 1358 2201 iuventutis
1381 2181 1481 2201 senex
1499 2172 1633 2211 loquitur
1656 2176 1711 2201 aut
1733 2171 1867 2211 deniqne
1880 2181 1908 2210 p.
1926 2171 2000 2204 151..

221 2236 281 2266 quo
303 2227 332 2256 in
356 2226 491 2256 carmine
514 2232 620 2265 poeta,
643 2227 729 2266 quod
751 2236 867 2257 versus
889 2236 949 2257 non
974 2228 1105 2266 amplius
1124 2231 1303 2266 componat,
1332 2236 1369 2256 se
1392 2226 1550 2258 excusat?
1596 2227 1874 2257 Abu-Tammamo
1898 2227 1925 2255 si
1948 2234 2002 2255 ar-

222 2281 363 2320 gumenti
392 2280 526 2320 diligens
555 2282 633 2311 ratio
662 2282 787 2322 fuisset,
818 2283 890 2321 quin
913 2282 1067 2311 nonnullis
1096 2282 1284 2311 carminibus
1308 2282 1336 2311 in
1359 2282 1427 2312 aliis
1457 2281 1611 2320 capitibus
1637 2282 1739 2311 locum
1761 2281 1913 2316 dedisset,
1942 2290 2003 2310 non

222 2335 337 2364 dubito.
381 2335 415 2364 In
438 2336 576 2363 carmine
599 2345 626 2373 p.
655 2337 721 2367 127.
744 2345 838 2376 quum
862 2341 956 2375 poeta
972 2336 1011 2366 de
1037 2336 1206 2375 Ohjainahi
1229 2336 1408 2365 calamitate
1432 2335 1589 2374 loquatur,
1613 2335 1642 2365 id
1665 2334 1804 2366 seeundo
1825 2335 1919 2374 capiti
1941 2333 2002 2364 ad-

222 2390 442 2420 numerandum
465 2391 531 2420 fuit.
555 2390 665 2419 Eidem
696 2389 789 2428 capiti
817 2394 1035 2429 argumentum
1059 2400 1086 2428 p.
1105 2389 1176 2419 210.
1199 2394 1443 2419 consentaneum
1468 2394 1526 2418 est.
1571 2388 1712 2418 Carmini
1733 2398 1762 2427 p.
1788 2387 1867 2426 149„
1888 2389 1918 2416 in
1941 2396 2001 2427 quo

222 2443 390 2473 liberalitas
417 2444 610 2482 celebratur,
637 2443 725 2473 locus
757 2444 786 2473 in
810 2445 913 2483 capite
936 2443 975 2473 de
1003 2444 1219 2482 hospitalitate
1247 2448 1278 2473 et
1298 2443 1392 2473 laude
1423 2444 1582 2473 convenit.
1625 2444 1750 2473 Versus
1773 2451 1801 2481 p.
1829 2442 1894 2473 121.
1922 2437 2002 2471 inter

223 2503 350 2536 satyras
367 2500 525 2528 recenseri
541 2498 683 2537 oportuit.
707 2497 827 2526 Eadem
837 2498 915 2527 ratio
928 2498 1075 2528 versibus
1097 2508 1114 2537 p
1137 2498 1364 2537 15-1.155.est,
1389 2498 1419 2528 in
1435 2498 1545 2537 quibus
1569 2498 1673 2528 vilitas
1697 2506 1716 2526 a
1738 2500 1826 2535 patre
1849 2496 2001 2526 translata

225 2550 428 2589 vituperatur,
454 2562 510 2582 nec
531 2562 591 2582 non
614 2551 642 2579 in
666 2551 811 2580 versibus
833 2561 861 2590 p.
887 2551 953 2580 175.
975 2550 1045 2581 329.
1071 2551 1219 2589 cernitur,
1240 2550 1291 2589 qni
1314 2558 1422 2579 omnes
1444 2552 1573 2592 satyrici
1596 2550 1771 2590 argumenti
1792 2553 1876 2579 sunt.

305 2603 485 2646 Secundum
513 2617 578 2648 libri
610 2620 811 2669 caputUSiJJZi
824 2620 839 2650 i.
858 2629 884 2648 e.
909 2619 1083 2649 carmina
1106 2617 1251 2657 quibus
1276 2617 1456 2648 defuncti
1479 2616 1682 2647 deflentur
1705 2621 1742 2647 et
1766 2616 1998 2656 laudantur,
