2247 2865
991 83 1263 114 —417—

227 187 322 227 Tibi,
351 196 368 217 ο
398 183 739 217 Alibd-Alrnhmane!
779 184 903 215 talionis
932 183 979 214 ius
1006 192 1067 212 non
1094 183 1257 224 concedo,
1287 187 1321 213 tu
1349 183 1428 213 enim
1456 183 1613 214 inimicum
1641 191 1728 217 tuum
1754 189 1900 220 occidere
1926 191 2010 222 haud

227 259 326 291 aegre
354 249 420 279 fers
449 254 481 279 ct
501 258 560 278 non
576 257 683 289 curaS,
711 247 793 287 quod
810 247 890 276 nlius
906 256 998 286 quam
1013 250 1044 277 tu
1059 247 1108 277 lac
1124 256 1184 276 non
1201 247 1331 286 accipiat
1351 244 1386 285 ¹).
1417 244 1484 275 Rus
1505 256 1583 276 vcro
1600 247 1693 277 lilium
1707 250 1860 292 Sijadalii,
1886 254 2010 293 qumido

228 310 353 341 adultus
381 315 444 350 est,
471 313 616 349 spectat,
642 309 693 348 qui
720 312 776 338 aut
804 307 924 338 occidat
951 313 1004 337 aut
1032 308 1195 347 sanguinis
1225 309 1356 348 pretium
1386 309 1530 347 accipiat.
1583 310 1663 339 Tum
1692 320 1760 340 eum
1793 308 2011 347 ud'Saihdum

228 373 349 402 litteras
376 372 517 412 dedisse,
545 376 580 401 ut
596 369 784 400 Hodbahum
812 370 841 400 in
870 380 1001 400 carcere
1028 371 1180 400 retineret
1206 376 1238 401 et
1266 374 1404 410 tempus,
1432 380 1491 409 quo
1508 370 1730 413 Almiswarus,
1759 373 1840 404 filius
1857 377 2012 420 Sijadalii,

228 434 355 464 adultus
380 437 479 474 esset,
506 438 721 472 exspectaret.
764 433 950 463 llodbahum
967 437 998 464 in
1025 443 1168 472 carcere,
1199 441 1261 472 quo
1288 433 1423 471 quinque
1450 436 1503 462 aut
1530 442 1588 462 sex
1616 444 1716 464 annos
1743 435 1883 468 inclusus
1911 446 2012 481 esset,

228 496 324 526 multa
351 499 488 526 carmina
516 496 758 536 composuisse,
786 505 917 535 quorum
945 505 1020 535 pars
1048 498 1238 532 memoriae,
1266 503 1338 533 pars
1366 495 1515 524 oblivioni
1546 496 1661 526 tradita
1688 499 1738 528 sit.
1793 500 1872 530 Cum
1901 501 2013 532 Alibd-

230 559 424 589 Alruhmano
441 559 469 588 b.
485 558 562 588 Said
576 558 737 588 Medinam
763 559 914 588 veniente
930 559 1151 588 Koraiscliiias
1166 562 1270 587 autem
1288 558 1430 597 aliosque
1445 558 1568 587 locutos
1586 569 1673 600 esse,
1700 570 1770 590 nam
1798 562 1919 592 incolae
1939 565 2014 595 Me-

229 619 320 650 dinae
347 620 385 649 ob
412 618 504 649 fidem
531 624 563 649 ct
590 620 701 659 poesin
729 625 761 650 et
788 620 869 659 quod
885 620 1003 659 primus
1020 620 1072 649 ille
1089 624 1162 658 post
1178 618 1351 658 prophetae
1371 623 1498 658 tempus
1514 620 1638 650 vinctus
1667 626 1766 662 essct,
1794 632 1886 662 quem
1905 626 2014 656 Medi-

230 690 348 713 neuses
373 681 553 718 vidissent,
581 682 737 712 llodbaho
767 682 1014 712 misericordiam
1040 682 1275 721 impertientes,
1302 681 1468 720 sanguinis
1494 680 1659 719 decuplum
1688 684 1822 721 pretium
1848 686 2012 721 obtulisse,

238 744 459 785 Allnosainum,
488 745 574 775 Ahlii
601 745 698 775 filium
720 742 762 786 ²),
790 745 956 786 sanguinis
985 744 1119 784 pretium
1148 742 1315 781 obtulisse,
1341 751 1399 770 nec
1419 750 1479 770 non
1496 741 1650 771 Saihdum
1671 743 1698 771 b.
1720 744 1834 775 Alahzi
1854 752 1885 776 et
1904 748 2015 778 Ahbd-

235 800 384 837 Allalium
416 808 444 837 b.
473 807 570 837 Omnr
596 807 625 837 b.
653 806 870 838 Alcbathtlmb
886 804 915 846 ³)
944 811 976 835 et
1004 805 1180 834 Ahmruum
1208 804 1235 834 b.
1264 803 1418 834 Ohtsman
1447 804 1475 833 b.
1505 804 1620 834 Ahffan
1648 810 1680 835 et
1698 806 1959 840 Mibd-Allahum
1988 813 2015 842 b.

235 870 367 910 Djalil'ar
381 871 432 910 ⁴);
453 875 485 900 nt
499 870 854 910 Alibol-Alrahmanum,
872 879 965 909 quem
982 868 1084 898 multis
1097 868 1204 897 verbis
1225 871 1416 907 premerent,
1445 871 1619 905 sequentes
1634 877 1752 897 versus
1767 871 1940 908 protulisse
1967 872 2017 903 di-

234 938 309 963 cunt
336 933 444 971 (metr.
475 932 621 971 u'afirJ:
651 932 708 963 Ob
735 932 988 973 Sijadalium
1017 934 1221 961 mortuum
1248 930 1593 960 consolationem
1619 931 1748 962 adfert
1787 935 1857 979 [p.
1882 937 2017 982 236.)

234 995 362 1024 omnis
395 1003 546 1034 sanus,
586 994 696 1024 curis
729 1003 916 1034 vacuus,
957 1002 1077 1033 quem
1112 993 1446 1023 sollicitudines
1475 1003 1553 1023 non
1581 994 1821 1036 adtingunt
1848 1002 1891 1027 et
1918 1008 2018 1039 quo-

233 1057 346 1087 modo
375 1057 589 1096 propinqui
617 1066 664 1086 eo
692 1061 844 1086 mortuo
879 1056 1005 1087 duros
1039 1066 1088 1086 se
1122 1056 1384 1097 ostendunt,
1425 1056 1510 1086 dum
1547 1066 1622 1096 pro
1658 1067 1706 1087 co
1743 1062 1912 1091 occisus
1946 1059 2020 1092 no'n

233 1125 298 1150 est
330 1119 538 1149 vindictae
574 1120 795 1161 obnoxius,
835 1120 1021 1160 quietem
1061 1115 1190 1149 dans?
1243 1118 1293 1148 Et
1329 1118 1362 1147 si
1399 1128 1476 1159 ego
1513 1119 1671 1150 occisus
1707 1120 1888 1152 fuissem
1922 1128 1961 1153 et
1986 1126 2020 1154 is

234 1182 376 1222 vivus,
405 1190 564 1221 operam
588 1181 758 1211 daturus
785 1181 951 1212 fuisset
981 1181 1081 1212 haud
1109 1180 1246 1210 tardus
1273 1183 1316 1211 in
1344 1182 1470 1212 rebus
1498 1183 1764 1224 peragendis
1794 1189 1834 1214 et
1860 1195 1936 1215 non
1964 1186 2021 1217 fa-

233 1246 427 1278 stidiens.
479 1246 576 1275 Non
603 1250 673 1275 est
699 1254 842 1275 somno
870 1245 1100 1285 indulgens
1139 1245 1181 1273 in
1208 1244 1326 1274 sella
1355 1247 1423 1274 vir
1449 1245 1596 1275 similis
1625 1247 1701 1276 mei
1731 1253 1772 1278 et
1797 1258 1873 1278 non
1901 1250 2022 1282 debi-

235 1310 310 1351 lis,
344 1309 531 1348 vespera
566 1308 877 1339 somnolentus.
929 1307 1038 1338 Haud
1065 1306 1345 1337 considerate
1382 1317 1531 1349 agens,
1568 1318 1688 1348 quum
1718 1311 1838 1341 videt
1867 1322 1976 1354 eum,
2003 1324 2023 1345 a

238 1382 316 1413 quo
343 1372 539 1402 vindicta
566 1372 776 1402 sumenda
803 1376 871 1401 est
897 1375 939 1400 et
966 1369 1150 1410 optimus
1179 1378 1330 1409 eorum,
1363 1370 1430 1408 qui
1458 1370 1698 1402 vindictam
1732 1380 1951 1413 quaerunt,
1984 1377 2022 1406 is

236 1440 322 1477 est,
350 1437 415 1474 qui
441 1434 743 1465 inconsiderate
770 1434 866 1475 agit.
919 1432 979 1470 Qui
1005 1440 1122 1461 versus
1149 1440 1242 1470 quum
1269 1429 1308 1460 ad
1335 1431 1524 1461 Hodbahum
1551 1433 1757 1475 referrentur,
1785 1445 1856 1465 eum
1884 1436 2022 1472 dixisse:

236 1498 272 1529 In
298 1498 358 1528 hoc
384 1497 496 1537 cupido
523 1506 560 1527 se
588 1496 794 1537 manifestat3
822 1496 936 1525 iterum
963 1493 1061 1534 igitur
1087 1503 1160 1522 eum
1187 1486 1292 1522 adite!
1331 1492 1420 1522 Illum
1448 1498 1554 1524 autem
1583 1504 1675 1533 quum
1703 1496 1817 1527 iterum
1844 1499 2022 1539 venissent,

237 1561 361 1591 dixisse
381 1559 491 1600 (metr.
510 1559 675 1598 Thawil):
705 1559 780 1588 Per
807 1567 919 1588 anum
946 1556 1021 1586 viri
1049 1564 1254 1594 anumque
1281 1556 1388 1594 eius,
1415 1566 1520 1596 quae
1549 1567 1631 1588 eum
1659 1557 1885 1603 peperit⁵)‚
1911 1571 2024 1601 quum

239 1632 314 1663 pro
342 1622 475 1652 fratre
501 1630 652 1661 pecora
679 1620 901 1660 propellit,
928 1619 1053 1649 cuius
1074 1617 1225 1647 vindex
1240 1628 1340 1649 esse
1357 1619 1484 1649 debet.
1515 1619 1592 1649 Sed
1609 1621 1807 1661 egoiuro:
1835 1623 2025 1662 Sijadahi

240 1686 328 1716 ullo
355 1694 534 1723 unquam
562 1688 768 1723 tempore
794 1694 875 1713 non
903 1683 1174 1719 obliviscar,
1213 1682 1296 1712 nisi
1326 1683 1519 1721 quamdiu
1554 1686 1651 1713 eius
1686 1685 1927 1716 mentionem
1955 1687 2023 1717 fa—

241 1748 323 1778 cio.
376 1747 430 1777 Et
470 1747 624 1777 frater
662 1756 778 1777 meus
811 1750 899 1776 erat
938 1754 1136 1786 nunquam
1177 1745 1424 1784 opprobrio
1462 1744 1664 1775 adfectus
1704 1747 1756 1776 ob
1796 1749 1945 1779 malum
1984 1755 2025 1779 et

240 1819 446 1850 nunquam
484 1809 781 1850 tnrgpitudinem
821 1813 1028 1848 expertus
1069 1816 1153 1836 sum
1190 1807 1232 1836 in
1268 1806 1477 1836 consortio
1515 1807 1637 1847 eius,
1677 1817 1750 1847 quo
1792 1819 1889 1839 usus
1929 1820 2024 1844 sum.

246 1873 295 1902 Et
322 1882 410 1914 ego,
439 1873 522 1903 etsi
548 1873 633 1903 viri
659 1873 890 1912 opinionem
920 1880 1030 1901 suam
1057 1870 1227 1907 habent,
1255 1871 1292 1898 in
1320 1868 1408 1898 fine
1442 1869 1499 1898 rei
1527 1877 1623 1910 sum,
1650 1870 1766 1900 cuius
1794 1873 1930 1902 exitus
1957 1872 2024 1903 du-

241 1933 295 1964 bii
322 1943 399 1963 non
436 1943 514 1963 sun
525 1938 547 1963 t.
600 1933 960 1963 Ahbd-Airalunanum
987 1936 1161 1970 sequentes
1190 1939 1312 1969 quoque
1338 1939 1475 1970 versus,
1512 1931 1563 1969 qui
1591 1932 1620 1960 in
1644 1932 1783 1962 Hamasa
1800 1931 1831 1972 ⁶)
1859 1935 2026 1973 reperian-

242 2002 316 2035 tur,
343 1995 563 2035 composuisse
590 1995 699 2033 (metr.
727 1994 891 2036 Thawil):
928 1995 1063 2024 Patris
1091 1995 1245 2024 Arwae
1280 1993 1533 2023 recordatus
1561 2004 1669 2034 sum,
1705 1999 1786 2024 tum
1815 1995 2026 2037 lacrymas

243 2058 438 2098 retinui,
466 2066 640 2097 quarum
667 2057 872 2087 effluxus
899 2066 917 2087 a
941 2056 1092 2097 iugulo
1120 2056 1194 2085 vix
1223 2064 1500 2094 suppressus
1527 2060 1606 2086 est.
1661 2057 1765 2087 Num
1792 2064 1892 2096 post
1920 2069 2024 2090 eum.

263 2187 292 2217 1)
313 2186 455 2215 Respicere
474 2185 580 2208 videtur
597 2184 708 2214 pretium
727 2184 827 2214 caedis,
847 2190 912 2214 quae
931 2183 1001 2207 datis
1019 2182 1128 2206 camelis
1148 2181 1314 2211 expiabatur.

260 2232 293 2263 2)
312 2233 399 2256 Natus
417 2219 488 2254 anu—o
506 2231 532 2253 ⁴.
551 2237 621 2254 anno
641 2231 686 2255 61.
704 2231 810 2255 occisus
831 2232 878 2254 est.
916 2230 1009 2254 Abult'.
1029 2231 1100 2252 Anu.
1119 2229 1148 2252 Τ.
1169 2229 1188 2251 Ι.
1208 2236 1232 2258 p.
1254 2228 1314 2250 104.
1333 2226 1396 2250 390.

260 2279 293 2309 3)
313 2277 398 2301 simul
418 2283 475 2299 cum
495 2280 570 2305 patre
589 2276 780 2300 Mohammedis
799 2276 924 2307 religioni
943 2284 971 2299 se
989 2274 1091 2299 addixit
1109 2278 1135 2297 et
1153 2278 1216 2297 ante
1236 2279 1334 2304 patrem
1354 2274 1487 2297 Medinam
1508 2273 1585 2304 sugit.
1621 2273 1751 2303 Tempore
1771 2275 1864 2303 proelii
1881 2275 2027 2300 mindensis

313 2322 514 2354 quatuordocim
539 2328 624 2345 annos
648 2324 728 2345 natus
751 2325 818 2345 erat.
853 2322 917 2345 Post
941 2320 1146 2344 Mohammedcm
1173 2320 1317 2350 sexaginta
1339 2327 1425 2344 annos
1453 2319 1518 2343 vixit
1546 2320 1643 2343 conf.
1668 2320 1744 2344 Citab
1767 2321 2027 2346 Tairdsibi-I'Asnmi

310 2377 334 2400 p.
354 2371 415 2394 367.
434 2369 474 2392 ed.
494 2368 528 2392 cl.
547 2368 684 2390 u'ustenf.

261 2415 295 2447 4)
313 2416 351 2439 De
370 2415 430 2438 viro
450 2414 475 2437 in
496 2413 645 2442 Abyssinia
663 2416 738 2443 nato,
756 2412 800 2443 qui
818 2419 889 2437 anno
907 2412 954 2436 80.
973 2412 997 2435 in
1016 2411 1112 2442 oppido
1131 2411 1238 2435 Medina
1256 2410 1396 2443 octoginta
1413 2418 1499 2435 anuos
1518 2415 1599 2434 natus
1617 2411 1683 2434 diem
1702 2411 1787 2442 obiit,
1807 2413 1933 2437 conseras
1952 2414 2028 2439 Citab

311 2460 565 2485 Tahdsibi-l'Asmaii
584 2466 608 2488 p.
628 2459 692 2482 3³7.

262 2506 295 2537 ὅ)
313 2506 386 2530 Haec
404 2506 537 2529 Arahibus
556 2504 638 2527 verba
656 2503 834 2527 contumeliae
852 2509 935 2527 causa
953 2504 1023 2527 dicta
1041 2506 1111 2527 sunt.

266 2558 295 2586 6)
313 2559 382 2609 Supt
399 2565 425 2588 p.
443 2554 474 2583 ll‘l
494 2562 518 2581 et
539 2551 592 2592 1Γ·;
619 2555 664 2581 sed
683 2557 789 2581 diverso
809 2557 886 2580 modo
905 2560 931 2580 et
950 2556 1052 2580 ordine.
1089 2556 1285 2580 Adscribuntur
1303 2560 1390 2580 autem
1411 2555 1551 2579 nonnullis
1570 2554 1700 2579 Miswaro
1719 2555 1774 2579 filio
1791 2554 1918 2586 Sijadalii.

1785 2609 1831 2640 53
