2247 2865
925 74 1195 106 —209—

164 177 200 208 4.
222 176 286 207 Per
308 179 428 206 montes
449 184 618 215 eorumque
637 176 809 213 potentiam
829 182 887 203 nos
907 174 1038 202 vicimus
1058 174 1090 201 et
1109 181 1168 200 nos
1188 172 1294 208 yemis
1312 169 1458 207 Glaaffits
1475 173 1507 200 et
1521 171 1644 201 Bodm'n
1665 172 1817 204 haeredes
1839 185 1960 205 eumue.

266 245 368 277 Poeta
394 255 489 286 quum
516 244 556 276 ad
582 249 713 287 gentem
739 242 832 283 Thai,
860 240 1124 283 quemadmodum
1150 240 1238 271 initio
1267 239 1415 270 carminis
1443 240 1594 281 diximus,
1614 242 1795 283 pertineret,
1816 254 1834 274 e
1853 246 1961 286 gentis

166 317 249 339 suae
275 317 364 338 more
390 306 490 348 (cons.
517 307 613 338 llam.
639 306 697 336 vr’o
723 315 755 335 v.
786 305 838 344 2.)
866 308 1003 345 montes,
1042 312 1175 343 quorum
1203 302 1347 334 altissimi
1387 307 1418 333 et
1450 302 1625 333 difficillimi
1657 314 1787 335 necessu
1817 306 1900 346 Adja
1928 312 1962 338 et

166 370 276 402 Salina
301 373 394 412 sunt,
421 370 587 412 gloriatur.
639 368 805 399 Montibus
841 373 946 398 autem
974 367 1054 407 ipsis
1086 366 1280 406 polentiam,
1309 374 1391 405 quae
1425 365 1536 395 incolis
1573 366 1701 406 propria
1734 373 1807 409 est,
1843 370 1961 400 tribuit.

167 434 298 466 Montes
324 442 418 474 quum
445 431 618 463 difficillimi
646 430 806 461 adscensu
833 429 909 467 sint,
935 438 1046 459 eorum
1073 429 1196 459 incolae
1224 433 1371 468 potentes
1391 429 1543 469 appellari
1562 434 1711 468 possunt.
1742 430 1817 461 Inde
1837 436 1961 462 montes

168 496 274 538 poetis
301 497 475 536 potentiam
501 494 685 536 significant
710 494 804 524 Ham.
833 503 864 533 p.
888 496 926 530 οὶ,
953 491 1015 522 rw.
1059 491 1173 522 Dicunt
1196 491 1355 521 montibus
1384 490 1558 531 significari
1588 496 1713 521 montes
1744 485 1815 529 [p.
1838 487 1963 533 1¹5.)

168 557 265 598 Διὶ-ξι,
291 556 402 588 Salina
426 561 461 587 et
489 555 647 596 Alnulidja
674 556 865 596 appellatos
917 555 1030 586 Virum
1060 552 1144 593 Adja
1164 553 1326 582 mulierem
1345 552 1453 583 Salina
1472 562 1599 583 amasse
1613 558 1645 583 et
1661 554 1822 585 mulierem
1837 556 1965 596 Auhdja

167 628 224 652 eas
250 618 439 650 conciliasse
464 623 605 648 narrant.
663 618 745 648 Tres
772 617 843 647 illas
872 625 1030 656 personas
1057 615 1202 645 detectas
1230 616 1270 645 ibi
1299 615 1386 646 cruci
1414 615 1540 646 adfixas
1567 618 1724 648 montibus
1751 619 1878 650 nomina
1905 620 1966 650 de·-

168 681 268 712 disse.
311 679 452 721 Ghajjits
483 689 563 710 vero
597 684 632 710 et
658 679 779 709 Bodain
805 679 930 709 nomina
957 679 1099 709 virorum
1127 679 1156 708 in
1182 683 1281 720 gente
1307 678 1388 709 Thai
1416 679 1587 709 celebrium
1613 680 1726 710 fuisse.
1766 682 1801 711 Iu
1829 682 1962 713 Kamusi

168 751 266 783 opere
293 741 436 782 Ghajjits
463 741 546 772 filius
575 741 711 772 Alimrui
734 741 765 771 b.
794 740 956 782 Alglmuls
983 739 1107 771 dicitur.
1146 741 1221 770 Non
1249 741 1377 785 dubito,
1405 743 1477 781 quin
1505 741 1544 772 ad
1581 748 1710 783 gentem
1749 743 1879 774 Glinuts
1913 745 1966 776 ille

170 804 358 836 referendus
393 805 455 843 sit,
487 804 642 844 siquidem
677 804 739 834 ista
766 814 848 846 gens
876 809 1003 834 montes
1032 804 1102 834 illos
1130 804 1290 834 incolebat
1318 805 1419 836 cons.
1447 805 1552 836 llam.
1582 808 1625 836 lvv
1654 806 1673 835 1.
1702 806 1733 836 2.
1778 807 1841 838 Est
1869 807 1967 848 igitur

168 869 222 899 illa
248 867 426 899 haereditas
454 873 487 898 et
512 868 676 908 potentiae
704 871 735 898 et
762 867 927 908 montium,
957 877 1050 908 quam
1079 867 1245 909 gloriatur.

172 965 205 996 5.
229 964 316 1002 Quos
336 965 459 1002 ylorr'ne
481 964 578 994 clii-os
600 973 706 993 nonne
727 965 960 1001 adscendimus,
985 965 1059 994 dnm
1082 974 1136 994 vos
1158 966 1234 993 irati
1255 968 1366 993 contra
1388 974 1446 994 nos
1469 966 1615 994 denlibus
1633 967 1856 1005 frendebatis?

269 1034 300 1065 A
327 1034 471 1074 potentia
497 1033 537 1064 ad
564 1033 700 1075 gloriam
728 1033 969 1064 describendam
998 1034 1122 1064 transit.
1176 1033 1268 1071 Quae
1294 1044 1390 1074 quum
1423 1036 1467 1064 sit
1502 1034 1640 1065 difficilis
1676 1035 1856 1078 adsecutu,
1898 1046 1968 1067 cum

171 1097 270 1128 arduo
298 1102 405 1127 moute
429 1106 499 1126 eam
528 1097 674 1127 contulit.
703 1097 834 1127 Nullam
861 1098 940 1137 ipsis
969 1098 1102 1138 gloriam
1131 1101 1193 1126 tam
1218 1097 1349 1127 arduam
1377 1097 1479 1127 fuisse
1506 1107 1595 1137 quam
1621 1108 1683 1128 non
1707 1105 1968 1140 assequerentur,

169 1168 356 1199 quamquam
382 1158 496 1188 inimici
523 1158 641 1188 invidia
668 1158 772 1198 pleni,
809 1167 904 1197 quum
939 1168 1004 1190 rem
1034 1159 1189 1198 impedire
1216 1169 1278 1189 non
1305 1163 1454 1199 possent,
1490 1160 1700 1190 vehementer
1738 1161 1810 1191 irati
1846 1167 1969 1192 essent.

171 1219 374 1250 vocabulum
400 1221 459 1259 0⁸,
487 1218 571 1258 quod
596 1219 823 1260 interrogando
853 1220 1006 1261 inservit,
1043 1221 1106 1251 hoc
1133 1221 1163 1251 in
1189 1232 1289 1253 versu
1317 1232 1447 1253 sensum
1475 1223 1611 1263 negandi
1648 1223 1756 1253 efficit.
1797 1225 1832 1253 In
1858 1224 1969 1255 codice

171 1283 328 1323 duplicem
355 1287 388 1312 et
415 1281 596 1312 accusativi
623 1286 656 1311 et
688 1281 872 1311 nominativi
898 1283 1044 1313 vocalem
1072 1283 1178 1314 habet.
1211 1286 1286 1315 vox
1314 1286 1382 1313 isa-33
1409 1290 1443 1314 ut
1470 1285 1500 1315 in
1526 1289 1629 1315 monte
1656 1285 1703 1315 sic
1729 1285 1758 1315 iu
1776 1295 1809 1315 re
1829 1291 1884 1316 aut
1908 1296 1969 1316 ne-

171 1345 256 1386 gotio
284 1343 383 1374 arduo
410 1343 588 1373 adhibetur.
640 1343 731 1374 Loco
759 1344 853 1373 vocis
881 1344 991 1387 02:553
1018 1345 1107 1386 legas
1135 1347 1267 1391 02355'·
1317 1348 1534 1378 Proverbialis
1568 1353 1621 1378 est
1654 1348 1802 1388 loquendi
1840 1340 1968 1379 inodus:

172 1403 234 1452 0Ἑῖ
271 1404 340 1453 ιςῑε
372 1414 462 1449 υἷές
489 1411 543 1436 aut
569 1404 631 1453 &Sl
674 1405 818 1435 »Dentes
853 1407 988 1437 molares
1022 1413 1132 1438 contra
1165 1418 1215 1438 me
1247 1408 1360 1439 fricat«
1390 1408 1512 1448 (cons.
1541 1410 1636 1440 Meid.
1668 1410 1705 1441 C.
1737 1410 1768 1451 1,
1799 1411 1910 1452 144),
1939 1411 1969 1442 id

164 1461 258 1508 'quod
284 1470 350 1499 irae
377 1470 524 1500 indicium
552 1474 613 1498 est.
657 1470 692 1499 In
727 1479 828 1499 versu
857 1474 990 1512 nostro,
1029 1480 1124 1511 quum
1151 1472 1362 1511 proverbialis
1390 1472 1537 1511 loquendi
1565 1473 1675 1502 modus
1704 1473 1970 1517 omnibus‘notus

173 1531 234 1571 sit,
275 1532 365 1561 verbi
393 1533 549 1563 obiectum
577 1532 731 1562 omissum
760 1537 819 1562 est.
872 1532 921 1562 De
948 1533 1057 1562 verbis
1086 1530 1180 1569 Lg'tssjdi
1207 1529 1295 1583 εμὲ.
1323 1534 1406 1564 conf.
1433 1533 1544 1564 Reisk.
1573 1544 1600 1564 a.
1629 1534 1736 1565 Taras.
1764 1544 1794 1574 p.
1826 1535 1883 1566 71.
1912 1536 1970 1566 94·

177 1594 317 1625 Verbum
344 1590 418 1641 51:25
444 1603 513 1624 cum
540 1594 778 1634 praepositione
806 1591 863 1640 ,533
891 1600 925 1625 et
951 1590 971 1628 ὁ
1000 1595 1206 1628 construitur.

1014 1689 1146 1723 LXU·

588 1753 728 1789 Dixit
751 1753 946 1789 §abt-ah
969 1748 1016 1789 15.
1039 1756 1235 1790 Ahmru
1257 1756 1559 1799 Bahal-sita,

172 1827 221 1858 cui
247 1827 449 1858 Dhamrahus
476 1828 506 1858 b.
538 1828 712 1869 Dhamrah,
741 1829 825 1868 quod
844 1829 983 1859 camelos
1003 1830 1119 1859 multos
1141 1830 1331 1871 possiderety
1351 1831 1523 1861 obiecerat.
1552 1830 1652 1860 Poeta
1670 1835 1815 1870 tempore
1836 1830 1971 1861 Alimrui

176 1889 205 1919 b.
235 1889 319 1919 llind
347 1893 379 1919 et
405 1890 567 1920 Nohmani
600 1891 629 1920 b.
656 1891 840 1921 Almondsir
875 1892 957 1921 vixit
995 1888 1095 1935 (conf.
1123 1891 1264 1922 Meidan.
1292 1893 1328 1922 T.
1357 1893 1409 1921 11¹.
1438 1891 1508 1921 sub.
1537 1890 1699 1921 Dhamrali
1725 1891 1754 1921 b.
1783 1888 1971 1935 Dhamrah).

175 1951 304 1982 Nomen
329 1951 455 1982 Sabrah
481 1962 500 1982 a
527 1952 765 1994 significatione
794 1953 940 1984 matutini
966 1954 1118 1994 temporis
1145 1954 1249 1995 frigidi
1276 1954 1464 1984 translatum
1492 1963 1569 1985 esse
1597 1954 1716 1984 dicunt.

174 2047 203 2077 1.
247 2048 334 2077 Num
356 2048 559 2084 oblivisceris,
583 2051 622 2084 te,
647 2059 744 2088 quum
766 2050 899 2080 relictus
919 2059 1025 2087 esse-5⁸,
1049 2061 1070 2079 a
1091 2061 1140 2080 me
1159 2051 1326 2090 defensum
1350 2060 1439 2087 esse,
1464 2060 1560 2089 quum
1582 2053 1708 2080 torrens
1731 2049 1873 2080 Korakir
1896 2049 1971 2079 vili-

865 2107 928 2134 tate
951 2113 1048 2142 super
1070 2107 1099 2132 te
1121 2104 1293 2133 irruisset?

276 2169 480 2199 Dliamrahus
506 2171 535 2200 b.
562 2170 725 2202 Dhamrah
751 2173 782 2202 in
809 2183 918 2215 pugna
944 2183 963 2203 a
990 2172 1056 2204 suis
1084 2173 1218 2203 relictus
1246 2183 1264 2202 a
1289 2176 1384 2212 poeta
1411 2172 1563 2203 defensus
1602 2177 1636 2203 et
1673 2173 1826 2204 liberatus
1853 2173 1969 2203 suerat.

179 2233 271 2263 Hanc
299 2242 363 2262 rem
390 2235 420 2263 ei
446 2232 477 2262 in
503 2238 642 2266 mentem
667 2241 802 2266 revocat
830 2241 1023 2266 ostensurus
1051 2245 1124 2265 eum
1149 2245 1250 2276 prave
1278 2245 1390 2277 agere,
1418 2235 1500 2276 quod
1517 2236 1644 2266 divitias
1673 2236 1702 2265 ei
1729 2235 1891 2276 obiecerit,
1919 2234 1971 2273 qui

177 2297 346 2323 strenuum
371 2302 409 2323 se
435 2297 469 2323 et
497 2292 624 2324 fi'delem
654 2296 788 2327 amicum
819 2298 882 2337 ipsi
915 2296 1101 2327 ostenderit.
1142 2298 1177 2327 ln
1206 2299 1460 2339 interrogatione
1491 2308 1610 2328 sensus
1638 2298 1883 2337 vituperationis
1907 2299 1971 2327 est.

178 2358 214 2384 ut
238 2363 359 2384 sensus
386 2355 445 2384 sit:
492 2355 560 2386 Cur
587 2359 621 2386 tu
648 2357 862 2399 oblivisceris,
891 2369 941 2390 me
966 2364 998 2390 te
1029 2360 1213 2390 defendisse
1241 2365 1407 2402 tempore,
1446 2371 1507 2401 quo
1534 2361 1678 2391 adiutore
1706 2368 1843 2388 careres.
1895 2359 1972 2389 Vox

176 2415 322 2447 Korakir·
341 2416 434 2447 fluvii
463 2418 572 2456 (Kam.
599 2427 703 2457 aquae
728 2419 759 2450 in
788 2421 955 2460 provincia
982 2422 1109 2463 Nedjd)
1137 2432 1252 2452 nomen
1279 2428 1339 2453 est.
1403 2424 1520 2454 Dicunt
1553 2422 1791 2462 comparatione
1825 2420 1972 2451 instituta

177 2474 276 2514 &ft-“55
305 2479 396 2516 &W
424 2476 475 2510 [οἵ
513 2473 591 2514 dxl
627 2477 720 2517 ⁹5⁸2&
752 2478 988 2516 &ka-mFiuxit
1023 2493 1123 2523 super
1159 2488 1191 2514 te
1229 2484 1360 2523 vilitas,
1399 2483 1660 2524 quemadmodum
1699 2487 1824 2512 torrens
1864 2481 1968 2512 fluit«

179 2539 314 2571 Fluvius
341 2541 380 2570 ob
410 2551 510 2582 aquae
544 2544 666 2582 copiam
701 2543 889 2574 multitudini
924 2544 1156 2586 significandae
1192 2545 1329 2576 inservit
1366 2545 1470 2577 conf.
1498 2545 1592 2575 Ham.
1623 2554 1654 2584 p.
1681 2546 1715 2573 Μ
1743 2554 1774 2574 v.
1804 2544 1837 2574 2.
1888 2544 1973 2576 Fieri

1668 2607 1715 2638 27
