2247 2865
977 87 1247 118 -211-

202 192 378 220 cessat.
431 189 465 219 ln
494 187 555 219 hoe
581 192 691 219 autem
718 196 828 226 versu,
857 187 919 217 nisi
947 197 997 217 me
1022 187 1125 217 omnia
1152 186 1276 225 fallunt,
1305 197 1371 218 vox
1396 183 1471 230 Σφὼ
1491 188 1615 218 nonnisi
1635 189 1674 219 ob
1693 190 1892 221 coniunctam
1909 201 2006 231 prae-

215 253 406 291 positionem
432 263 482 297 Oe
511 250 662 281 cessandi
688 250 955 291 significationem
982 250 1118 290 accepit,
1146 254 1178 280 ut
1194 250 1223 279 in
1237 259 1338 279 versu
1355 250 1518 280 Hamasae
1537 259 1662 290 qnoque
1688 252 1810 291 ellipsis
1836 255 2009 284 statuenda

214 313 375 345 videatur.
402 313 529 353 Copula
550 328 568 351 2
594 312 624 342 in
650 320 736 341 voce
759 309 842 350 ask-335
872 317 935 344 etc.
962 317 1083 342 statum
1110 312 1267 353 designat.
1306 313 1372 344 Cur
1399 313 1543 344 dedecus
1570 320 1700 355 cesset,
1727 321 1884 356 sequente
1911 326 2010 347 versu

218 378 351 416 exponit
378 376 430 414 (In
454 374 574 405 scholio
602 375 622 404 Ι.
649 375 683 407 2.
704 371 782 419 59OE
810 375 932 415 legas).

216 485 249 514 4.
272 484 431 525 Aequales
460 488 586 514 nostros
613 486 654 514 iis
689 481 864 525 (carneus)
887 485 1092 521 adim-amus,
1128 494 1243 523 eosque
1271 488 1366 523 parvi
1388 486 1549 516 habemus.
1600 486 1722 516 Eorum
1753 488 1856 526 aulem
1875 490 2013 524 pretium

727 542 799 568 rino
821 542 1036 569 currsmnimus
1057 542 1088 568 e!
1108 541 1142 568 r'n
1163 539 1233 568 alea
1257 550 1310 569 eos
1332 541 1503 576 perdimus.

317 621 431 652 Plures
458 630 511 652 res
537 625 624 661 sunt,
640 631 722 661 quae
741 621 879 652 dedecus
897 626 1095 652 removeant.
1124 622 1264 653 Camelis
1291 622 1441 652 liberales
1461 632 1523 652 non
1539 628 1691 662 parcent3
1718 622 1777 652 sed
1796 623 1910 662 quibus
1931 633 2013 663 opus

216 687 309 721 sunit,
337 684 376 714 iis
401 683 484 714 dono
512 693 570 714 eos
598 684 674 714 duint
701 684 873 723 hiemisque
901 690 1047 724 tempore
1073 686 1109 716 iis
1135 685 1276 715 venditis
1302 687 1411 717 vinum
1431 690 1550 722 emunt,
1576 684 1659 724 quod
1676 685 1818 716 bibentes
1835 686 2013 717 liberalitati

218 755 348 786 operam
375 747 452 777 dant
477 752 512 777 et
539 748 568 778 in
595 748 735 778 alearum
762 747 833 778 ludo
862 753 1022 778 mactatos
1050 748 1190 777 camelos
1219 747 1414 786 pauperibus
1442 746 1645 776 distribuunt.
1687 746 1878 777 Liberalitas
1905 753 2014 780 tantae

216 807 301 838 laudi
326 808 408 847 apud
436 809 562 838 Arabes
590 815 681 849 erat,
721 815 756 840 ut
791 809 1004 840 liberalissimi
1039 810 1154 849 quique
1189 810 1220 839 iu
1253 810 1454 848 proverbium
1481 809 1630 839 venirent
1657 809 1774 847 (Meid.
1803 810 1841 840 C.
1868 811 1902 848 5,
1935 811 2013 842 155.

218 870 252 911 6,
282 866 388 912 183).
424 871 457 900 ln
493 872 623 906 camelis
651 877 707 902 aut
734 872 910 902 mactandis
936 876 991 903 aut
1017 871 1173 902 donandis
1200 870 1337 900 maxime
1365 870 1513 900 liberales
1543 879 1621 900 sese
1649 869 1862 902 ostendebant
1887 872 2014 910 (llam.

219 942 249 972 p.
277 931 326 962 1⁹0⁸!
353 942 385 962 v,
414 933 445 963 4.
473 933 582 963 conf.
611 935 715 964 llam.
745 945 774 974 p.
801 934 877 974 wlf).
917 935 977 964 l’ro
1005 944 1088 964 voce
1151 932 1213 961 2¹5·
1240 936 1336 972 sunt,
1375 932 1425 971 qni
1461 932 1571 972 legant

1116 957 1158 979 ις.

218 994 334 1025 Eorum
359 1004 420 1035 ope
447 1005 517 1025 cnm
545 996 726 1035 aequalibus
755 998 872 1026 nostris
901 998 1041 1026 vivimus
1068 1002 1101 1026 et
1128 997 1209 1025 bene
1237 1004 1316 1036 erga
1344 1004 1401 1024 eos
1430 995 1566 1034 agimus.

1601 929 1713 978 0545)
1749 938 1784 962 ut
1811 942 1931 963 sensus
1958 934 2012 963 sit:

319 1056 640 1086 Abu-Olibaidalius
668 1058 788 1097 retulit,
815 1057 994 1088 Sabrahnm
1020 1058 1049 1087 b.
1080 1057 1201 1087 Ahmru
1226 1065 1346 1086 versus
1374 1056 1475 1094 hosce
1502 1056 1532 1085 in
1560 1055 1734 1085 certamine
1762 1055 1890 1087 lionoris
1918 1067 2016 1088 causa

219 1117 363 1147 instituto
401 1118 482 1148 inter
509 1119 698 1149 Alibbadum
725 1121 754 1150 b.
783 1120 852 1151 Aur
874 1125 908 1151 et
934 1119 1127 1153 Malibadum
1155 1119 1184 1148 b.
1211 1117 1362 1150 Nadhlah
1389 1117 1419 1146 b.
1446 1117 1622 1147 Alasebtar
1646 1117 1851 1148 Fakahsitam
1878 1118 2014 1150 dixisse.

219 1179 280 1210 llic
321 1179 502 1210 Mahbadus
550 1180 647 1211 frater
688 1182 822 1212 Chaledi
867 1183 893 1212 b.
934 1179 1085 1211 Nadhlah
1128 1184 1217 1219 erat,
1270 1180 1300 1208 in
1336 1188 1427 1218 quem
1474 1180 1670 1210 Alaswadus
1705 1181 1735 1210 b.
1769 1181 1874 1212 lahsor
1917 1180 2017 1223 [vixit

218 1247 292 1272 ante
326 1239 584 1273 Mohammedem
625 1244 730 1274 conf.
769 1245 908 1275 Meidan.
937 1246 1029 1285 app.)
1065 1243 1150 1274 hunc
1181 1252 1315 1272 versum
1351 1243 1448 1274 dixit:
1492 1243 1602 1281 (metr.
1629 1243 1774 1283 'rhawio
1810 1245 1857 1274 Et
1892 1250 2016 1275 antea

221 1308 367 1336 mortui
401 1309 495 1336 sunt
520 1306 597 1336 duo
626 1308 710 1337 viri
738 1307 895 1338 Clialed
924 1307 1151 1348 appellati,
1179 1306 1367 1336 columna
1397 1307 1542 1347 gentis
1570 1306 1801 1347 Dhahwan,
1838 1312 1877 1337 et
1911 1308 2015 1337 Ebu-

220 1368 450 1398 Modhallal
479 1364 776 1407 (Ebu-Modhallal
813 1374 881 1400 erat
912 1370 991 1399 Kais
1028 1370 1059 1401 b,
1094 1368 1202 1398 Maleo
1233 1367 1263 1397 b.
1298 1367 1450 1396 Monkids
1477 1367 1506 1396 b.
1534 1363 1682 1407 Thurin).
1723 1368 1866 1407 Uterque
1893 1374 2016 1399 centum

219 1431 347 1460 camelis
375 1431 499 1472 pignori
527 1431 690 1470 dispositis
719 1431 757 1461 ad
794 1431 1010 1461 Dhamrahum
1035 1431 1067 1461 b.
1101 1429 1285 1470 Dliamrah,
1313 1434 1346 1460 ut
1386 1430 1415 1460 in
1456 1430 1509 1460 lite
1542 1430 1659 1460 arbiter
1694 1436 1809 1467 esset,
1846 1438 2013 1462 venerant.

210 1491 397 1521 'Alibbadus
420 1493 538 1521 arbitro
566 1497 692 1522 centum
718 1493 878 1530 camelos,
908 1493 936 1522 si
969 1493 1073 1531 ipsum
1108 1492 1262 1522 victorem
1299 1492 1493 1531 declararet,
1533 1493 1734 1532 promiserat.
1790 1492 1884 1531 Quod
1920 1501 2016 1532 quum

212 1553 366 1591 vfecisset,
394 1554 514 1593 primus
543 1554 662 1583 arbiter
688 1558 832 1593 tempore
861 1559 934 1584 ante
962 1555 1114 1584 Islamum
1141 1560 1190 1585 est
1226 1554 1424 1596 iudicandus,
1452 1557 1503 1595 qui
1536 1555 1653 1586 donum
1686 1558 1853 1596 acceperit.
1911 1557 2014 1588 Cuius

219 1615 264 1645 rei
293 1615 472 1645 Mahbadus
500 1615 616 1645 certior
640 1615 746 1645 factus
768 1616 868 1645 verba
888 1615 984 1646 dixit:
1012 1616 1053 1645 In
1081 1616 1202 1646 asino
1230 1618 1368 1647 saltus
1397 1627 1473 1647 non
1501 1623 1567 1648 est
1594 1618 1674 1659 (Pro
1694 1629 1777 1649 voce
1796 1619 1830 1647 tal
1847 1620 2016 1661 legendum

210 1677 344 1707 'videtur
370 1676 395 1706 [a
421 1682 474 1707 aut
499 1677 691 1707 vertendum
722 1688 816 1708 »num
845 1678 918 1717 qnid
945 1679 1051 1709 saltus
1079 1679 1108 1709 in
1136 1680 1224 1710 asino
1253 1676 1371 1723 est‘3«)
1399 1689 1480 1720 quae
1505 1682 1606 1711 verba
1633 1683 1662 1712 in
1692 1684 1852 1722 proverbii
1874 1693 2017 1714 eonsue-

218 1739 359 1769 tudinem
386 1742 545 1769 venerunt
573 1739 694 1778 (conf.
723 1739 821 1770 Meid.
852 1739 910 1778 24,
940 1740 1028 1780 450.
1055 1740 1250 1781 Significant
1275 1741 1379 1771 virum
1407 1741 1594 1772 honoratum
1621 1743 1718 1773 vilem
1745 1743 1901 1774 redditum
1928 1754 2015 1775 esse.

221 1801 356 1832 Abaetis
395 1805 457 1832 tum
485 1802 627 1842 camelis,
668 1812 749 1842 quos
777 1803 902 1844 pignori
929 1808 1094 1842 posuerat,
1121 1802 1216 1832 funes
1244 1804 1431 1844 combussit,
1460 1814 1522 1843 qua
1548 1814 1590 1834 ex
1618 1815 1652 1834 re
1680 1813 1856 1845 cognomen
1887 1815 2016 1836 »com—

219 1864 376 1894 burens
404 1864 550 1894 funes«
583 1866 716 1905 accepit.
746 1865 921 1895 Abbbadus
940 1870 1047 1894 autem
1069 1874 1164 1904 quum
1187 1871 1335 1904 tanquam
1350 1867 1453 1896 victor
1472 1868 1615 1896 camelos
1632 1868 1822 1908 postularet,
1850 1868 2016 1899 Sabi-abus

221 1927 301 1957 dixit
328 1922 436 1970 (metr.
464 1928 559 1958 Sarih
587 1928 671 1958 conf.
700 1928 912 1968 Darstellnng
938 1937 968 1967 p.
999 1923 1115 1969 246.):
1143 1927 1405 1958 Dhamrahus
1433 1928 1461 1960 b.
1489 1929 1692 1959 Dhamrall
1719 1934 1880 1969 patrem
1907 1939 2016 1961 suum

221 1989 365 2020 futnat
399 1990 433 2019 in
461 1990 660 2029 pudendo
687 1991 783 2021 albo
812 1991 1022 2031 nigroque
1049 1986 1112 2033 (sc.
1141 1986 1245 2032 lepra)
1271 1990 1489 2032 variegati
1516 1991 1618 2030 (conf.
1646 1991 1790 2022 scholion
1817 1993 1837 2023 l.
1867 1993 1900 2023 2.
1927 1993 2016 2034 infr.)

221 2049 377 2096 (podicis)
404 2053 531 2093 primo
556 2048 675 2083 visu!
701 2053 776 2083 Per
803 2048 943 2083 Deum!
972 2062 1023 2082 ex
1050 2051 1107 2082 iis
1131 2052 1345 2092 (camelis)
1377 2062 1426 2082 ne
1459 2053 1685 2084 iuvencum
1718 2053 1878 2093 quidem
1917 2054 2013 2085 alli-

223 2115 430 2156 gabimus,
460 2115 540 2144 nisi
568 2115 866 2144 Alnohmanus
893 2114 988 2152 (rex)
1016 2122 1088 2154 pro
1115 2122 1161 2143 eo
1189 2114 1392 2144 iudicium
1422 2115 1583 2145 tulerit.
1645 2115 1718 2145 Rex
1756 2116 1795 2145 ad
1833 2125 1945 2157 quem,
1984 2121 2017 2147 ut

221 2177 309 2208 litem
345 2176 526 2214 dirimeret,
560 2181 738 2216 venerant,
765 2176 806 2206 ad
842 2177 952 2216 templi
978 2177 1070 2207 Deae
1098 2175 1229 2206 Ollssae
1255 2174 1354 2219 (quae
1379 2177 1440 2208 dea
1467 2187 1486 2208 a
1511 2177 1728 2208 Koraischitis
1754 2183 1788 2208 et
1815 2178 2016 2209 Gbatsanidis

224 2238 358 2268 maxime
386 2239 571 2276 colebatur3
610 2238 670 2268 sed
706 2238 900 2268 dissentiunt
926 2235 1090 2280 auctores)
1117 2238 1282 2268 custodem
1310 2248 1366 2268 eos
1395 2240 1488 2269 misit.
1533 2239 1595 2268 Hie
1622 2244 1729 2268 autem
1767 2239 1938 2277 Ahbbado,
1964 2241 2015 2279 qui

224 2299 407 2329 Dhamralio
435 2305 564 2329 centum
594 2300 736 2329 camelos
764 2300 918 2339 debebat,
946 2302 1089 2331 camelos
1116 2311 1178 2331 non
1205 2301 1282 2332 dans
1311 2307 1479 2341 utrumque
1514 2302 1601 2331 abire
1638 2302 1744 2331 iussit.
1781 2301 1857 2331 lnde
1883 2307 2015 2342 gentem

224 2359 357 2391 Fakahs
386 2367 484 2403 gente
512 2360 649 2391 Alzaida
675 2360 833 2405 (Utraque
861 2372 943 2405 gens
970 2363 1011 2393 ad
1038 2365 1188 2394 maiorem
1216 2369 1347 2404 gentem
1366 2364 1457 2394 Asad
1488 2363 1685 2404 pertinebat)
1713 2362 1897 2392 nobiliorem
1926 2373 2015 2405 esse,

225 2423 370 2454 homines
397 2423 649 2463 cognoscebant.
674 2423 842 2456 Sabrahus
870 2414 975 2455 autern
1003 2425 1222 2456 Dhamrahum
1247 2431 1361 2465 satyra
1387 2426 1610 2466 perstringens
1638 2423 1732 2453 dixit:
1761 2424 1869 2462 (metr.
1887 2424 2014 2462 Camel)

229 2485 257 2516 0
283 2482 530 2517 Dbamrahe!
558 2486 629 2526 (est
656 2496 713 2526 pro
739 2485 834 2530 ἰήϊε)
859 2486 1061 2526 quomodo
1088 2486 1288 2518 iudicium
1312 2484 1484 2518 tuli-sti?
1512 2491 1640 2518 mater
1669 2490 1740 2515 tua
1767 2486 1912 2517 orbata
1935 2488 2012 2519 sit!

233 2548 310 2586 Qui
345 2559 507 2588 operam
545 2549 611 2580 dat
657 2551 715 2588 (ut
745 2559 885 2580 verum
926 2550 1171 2590 inveniat),
1206 2559 1291 2580 eum
1324 2549 1517 2580 iudicium
1544 2552 1702 2588 rogant.
1764 2548 1882 2588 Num,
1911 2552 2016 2589 quod
