2247 2865
975 98 1147 129 —534
1218 116 1245 120 —

215 200 248 228 4.
277 199 351 228 Tum
373 199 526 226 matutino
548 199 684 234 tempore
704 197 916 225 iurisiurandi
932 197 994 224 mei
1014 197 1174 225 vinculum
1197 196 1334 226 solutum
1357 200 1427 226 erat
1437 200 1467 226 et
1477 207 1557 234 qens
1575 199 1685 227 Bama-
1695 199 1811 228 Tsoalul
1824 202 2002 240 vindictam,

219 249 290 294 (p.
313 250 449 290 302·)
535 262 630 291 qnam
650 261 837 285 sumseram,
862 254 1012 279 assecula
1035 253 1084 278 est
1105 254 1135 279 el
1150 252 1255 287 poesis
1277 261 1346 279 mea
1368 252 1410 279 ad
1430 261 1479 280 me
1503 261 1630 280 ret-ersa
1652 255 1708 280 est.

315 333 466 374 Ultionis,
497 343 588 373 quam
614 333 792 373 obtinuerit,
821 337 946 373 gentem
972 342 1063 362 suam
1091 332 1275 371 participem
1302 323 1417 362 factam
1446 343 1522 363 esse
1551 333 1634 362 dicit..
1664 335 1713 363 Ex
1741 344 1851 375 versu,
1881 341 2006 375 poetam

218 396 419 426 iureiurando
455 406 490 426 se
527 395 757 433 obstrinxisse,
792 395 950 424 videmus.
1004 394 1096 425 Gens
1124 394 1376 423 Banu-'l‘soahl
1411 400 1548 424 montem
1584 395 1666 435 Adja
1699 397 1858 427 incolebat
1894 398 2008 436 (Ham.

215 467 247 498 p.
275 461 318 488 lvv
345 459 364 488 l.
393 458 455 497 2.).
508 458 706 487 Scholiastes
742 458 840 495 dixit,
876 458 1002 487 Arabes
1031 466 1149 486 versus
1178 466 1238 486 nou
1266 456 1392 497 dicere,
1431 457 1492 487 nisi
1524 458 1659 487 victoria
1688 458 1807 496 potitos
1836 463 1868 488 et
1896 459 2010 489 hostes

217 521 315 551 ultos.
368 520 460 550 Prius
487 519 572 549 haud
598 525 750 549 accurate
776 519 896 550 dictum
924 525 1020 559 pum,
1048 520 1156 559 plnres
1185 520 1267 549 enim
1294 529 1413 548 versus
1440 525 1515 549 sunt
1542 530 1560 550 a
1586 521 1681 550 victis
1710 519 1810 561 dicti,
1839 521 1869 550 in
1896 521 2009 561 quibus

218 583 258 613 de
284 583 420 613 victoria
445 591 506 611 non
536 587 700 621 reportata
725 592 762 612 se
792 587 962 612 excusant.
1016 581 1117 620 Quam
1146 586 1251 610 autem
1278 590 1395 610 versus
1426 585 1547 620 partem
1577 578 1673 623 (conf.
1703 583 1793 611 Ham.
1821 592 1851 622 p.
1871 581 1907 612 οὗ
1924 580 2010 626 infr.)

218 645 406 684 posterioris
434 646 480 674 rei
508 645 688 684 probandae
714 654 814 675 causa
842 645 986 682 adduxit7
1013 655 1052 674 ea
1079 645 1177 674 multo
1205 643 1368 673 diversum
1397 645 1621 683 interpretandi
1650 645 1774 675 modum
1805 648 1932 685 patitur.
1976 646 2011 676 In

216 715 312 736 sensu
340 712 447 736 autem
475 707 699 737 constituendo
727 707 774 737 eis
799 710 973 747 assentior,
1001 707 1051 747 qui
1080 707 1196 742 dicunt,
1226 710 1352 745 poetam
1381 710 1474 736 antea
1502 711 1662 736 tacentem
1679 708 1736 737 iam
1756 717 1873 737 versus
1893 708 2012 746 dicere,

219 774 253 799 ut
281 768 446 798 victoriam
482 769 658 810 glorietur-3
695 780 755 799 non
783 775 888 799 antem
925 770 987 810 iis,
1022 770 1073 809 qui
1106 770 1176 799 voci
1197 772 1262 817 5232:
1290 770 1504 799 scientiae
1535 769 1800 811 significationem
1836 772 2010 803 tribuentes

218 834 365 865 vertunt:
393 831 458 861 Iam
486 832 621 862 scientia
647 841 718 862 mea
753 837 785 862 et
812 832 971 872 ingenium
999 842 1103 862 meum
1132 833 1170 863 ad
1198 843 1247 863 me
1274 832 1374 862 rediit.

1051 927 1173 961 ccl.

725 993 865 1027 Dixit
888 994 1085 1028 Adham
1112 994 1151 1027 h.
1175 993 1503 1028 Abi-I’Sahra.

316 1067 442 1099 Nomen
471 1065 595 1097 Adham
623 1067 746 1107 origine
775 1066 967 1096 adiectivum
996 1066 1097 1096 fuisse
1124 1066 1242 1096 dicunt.
1296 1066 1512 1097 Abu-Hilalus
1541 1071 1657 1105 poetae
1684 1076 1797 1096 nomen
1825 1066 1958 1097 Sowaid
1980 1067 2009 1098 b.

225 1129 365 1158 liasuhd
392 1133 467 1169 etc7
497 1128 534 1158 ad
562 1133 689 1167 gentem
720 1129 818 1158 Mahn
846 1139 863 1158 e
892 1133 988 1168 gente
1015 1129 1095 1158 'rhai
1122 1129 1321 1168 pertinentis,
1350 1128 1450 1158 fuisse
1479 1128 1650 1158 contendit.
1678 1129 1835 1167 Tempore
1854 1129 2014 1159 Merwani

222 1191 249 1220 b.
278 1190 483 1221 Mohammed
510 1191 567 1229 (ab
596 1199 677 1220 anno
709 1190 921 1229 127-132)
949 1191 1032 1220 vixit
1058 1191 1164 1221 conf.
1193 1192 1286 1221 llam.
1315 1201 1344 1230 p.
1373 1193 1430 1220 ΝΡ
1456 1191 1473 1221 l.
1505 1191 1536 1220 7.

220 1288 249 1317 1.
278 1287 368 1318 Gens
390 1288 496 1317 ,Malm
523 1290 612 1324 qenli
634 1287 714 1316 Isais
745 1289 876 1326 eiusque
905 1289 1008 1316 servi<
1037 1297 1108 1317 cum
1134 1290 1260 1324 uqmine
1287 1291 1447 1325 strepente
1478 1297 1571 1316 mane
1599 1289 1631 1316 in
1661 1288 1728 1316 loco
1757 1287 1933 1316 ,nontalzah
1955 1297 2014 1317 su-

1039 1345 1185 1380 pervenit

322 1410 439 1442 Gentis
468 1421 548 1441 suae
575 1420 744 1441 occursum
769 1420 839 1442 cum
867 1417 965 1452 gente
992 1412 1071 1441 Kais
1099 1412 1257 1442 describit.
1311 1411 1450 1442 Causam
1486 1411 1556 1441 belli
1592 1412 1630 1441 ab
1658 1410 1922 1450 Abu-Rijasclio
1955 1410 2015 1441 de-

222 1474 375 1513 scriptum
404 1475 496 1503 Ham.
526 1483 554 1512 p.
584 1475 641 1504 l”·»⁴⁴
668 1473 816 1514 legimus.
869 1475 944 1504 Vox
971 1463 1043 1504 -Λὲ
1069 1474 1108 1504 de
1136 1474 1282 1513 strepitu,
1311 1483 1402 1512 quem
1432 1474 1539 1512 plures
1568 1473 1674 1513 edunt,
1702 1474 1840 1504 adhibita
1868 1484 2015 1514 magnum

222 1537 323 1567 fuisse
351 1537 527 1566 exercitum
556 1537 681 1568 indicat.
735 1538 775 1567 Et
802 1536 840 1567 de
864 1538 1001 1576 strepitu
1028 1537 1182 1567 undarum
1211 1537 1306 1566 maris
1335 1535 1446 1565 dicitur
1473 1535 1578 1565 conf.
1607 1536 1700 1566 Ham.
1729 1546 1758 1575 p.
1785 1538 1847 1566 l‘o‘l.
1875 1537 2014 1577 Servos,

223 1603 373 1637 pastores
401 1599 506 1639 gentis
535 1599 814 1639 mercenariosque
839 1599 1026 1639 significari,
1053 1599 1248 1629 scholiastes
1277 1599 1375 1639 dixit,
1404 1603 1436 1629 ut
1463 1600 1500 1628 iis
1529 1600 1557 1628 in
1586 1599 1743 1638 tentoriis,
1772 1598 1901 1627 camelis
1930 1607 2011 1628 non-

222 1660 295 1690 dum
322 1665 448 1700 pastum
476 1661 594 1700 missis,
621 1661 888 1699 supervenerint3
909 1661 967 1690 sed
997 1671 1079 1701 quae
1109 1665 1223 1699 postea
1250 1666 1416 1691 narrantur
1444 1671 1472 1700 p.
1490 1662 1547 1689 μμ
1573 1661 1648 1690 huic
1675 1659 1902 1698 interpretandi
1923 1660 2011 1689 modo

224 1731 403 1763 repugnare
430 1721 590 1751 videntur.
644 1722 729 1752 Fieri
757 1728 883 1763 potest,
911 1729 946 1753 ut
972 1724 1147 1762 despectus
1178 1733 1274 1753 causa
1301 1733 1470 1753 servorum
1500 1724 1691 1753 mentionem
1719 1722 1831 1752 fecerit
1859 1721 2015 1751 indicatu-

227 1793 303 1825 rus,
337 1790 466 1825 gentem
495 1785 573 1814 Kais
602 1786 640 1815 ob
669 1786 812 1815 timorem
840 1790 989 1825 pastores
1025 1796 1148 1825 quoque
1182 1796 1259 1816 suos
1289 1786 1328 1816 ad
1356 1796 1492 1826 pugnam
1528 1785 1704 1815 adduxisse
1738 1783 1841 1813 cont.
1871 1793 1957 1813 vers.
1984 1783 2016 1814 3.

226 1846 428 1876 Scholiastes
457 1856 563 1877 eorum
592 1851 781 1878 sententiam
819 1849 948 1889 probat,
985 1850 1035 1888 qui
1072 1859 1184 1879 vocem
1213 1846 1330 1888 2242ssss
1360 1858 1470 1878 nomen
1499 1847 1557 1876 loci
1585 1856 1660 1876 esse
1689 1846 1816 1886 dicant,
1854 1855 1948 1885 quum
1976 1846 2017 1876 ibi

229 1914 403 1950 pugnatum
430 1911 480 1940 sit.
534 1911 567 1939 ln
595 1911 728 1941 Kamusi
762 1922 858 1951 opere
895 1913 1050 1953 legimus,
1092 1912 1302 1942 Aluionlahab
1335 1910 1483 1949 oppidum
1513 1919 1586 1939 esse
1616 1909 1645 1937 in
1672 1909 1846 1948 propinquo
1876 1907 2017 1948 regionis

231 1968 464 2002 Wadi-l‘tzora
492 1974 611 2011 (conf.
640 1984 754 2014 geogr.
771 1975 919 2004 Abulscd.
937 1985 965 2014 p.
978 1977 1033 2012 κ).
1062 1975 1124 2004 Alii
1150 1978 1255 2004 autem
1286 1973 1457 2013 praedandi
1484 1973 1584 2003 locum
1612 1977 1667 2002 aut
1696 1982 1777 2002 voce
1805 1980 1861 2011 pro
1888 1967 2017 2011 &di—{5535

230 2032 314 2063 dicta
340 2035 539 2073 praedam
568 2036 708 2066 facere
736 2037 911 2077 significari
934 2042 1057 2076 putant.

227 2135 256 2163 2.
288 2134 334 2163 Et
357 2137 447 2171 qemi
469 2135 561 2164 Asad
590 2147 659 2165 cum
688 2139 842 2175 equilibus
871 2139 978 2173 elalis,
1010 2140 1256 2176 fluctuantibus,
1289 2140 1345 2175 qui
1367 2148 1382 2166 e
1405 2138 1538 2165 diversis
1567 2137 1715 2173 qenlibus
1745 2135 1927 2172 congr-effati
1954 2142 2018 2162 non

344 2189 349 2194 '
1076 2196 1176 2220 eraul.

328 2256 466 2287 Gentem
494 2257 584 2288 Asad
613 2267 678 2288 cum
706 2264 804 2299 gente
831 2260 910 2290 Kais
938 2262 1132 2291 coniunctam
1161 2261 1263 2291 fuisse
1299 2261 1396 2299 dicit,
1432 2270 1524 2290 suam
1559 2266 1666 2290 autem
1693 2256 1826 2301 'gentem
1859 2260 1960 2290 solam
1986 2262 2018 2289 et

229 2327 299 2348 cum
328 2319 399 2349 aliis
427 2319 510 2349 haud
538 2323 677 2350 mixtam.
731 2322 914 2360 Equitatum
942 2320 1003 2368 3)oe
1030 2324 1135 2353 verbis
1162 2328 1263 2360 ῳ»
1291 2321 1354 2350 οἱὸ
1381 2322 1544 2352 describit.
1572 2323 1694 2352 Vocem
1720 2326 1821 2359 egos>
1849 2325 1904 2351 aut
1921 2320 2014 2351 dorso

230 2380 313 2410 elato
337 2390 424 2421 esse,
454 2386 488 2411 ut
514 2392 606 2412 nemo
637 2392 675 2412 eo
702 2383 777 2412 vehi
804 2384 918 2422 possit,
946 2390 1000 2414 aut
1027 2385 1122 2416 altum
1153 2386 1345 2423 multumque
1371 2393 1445 2414 esse
1472 2383 1658 2425 significare
1685 2393 1796 2423 posse,
1821 2382 2013 2413 scholiastes

229 2442 316 2474 dicit.
367 2444 508 2474 Priorem
536 2445 799 2486 significationem
828 2446 1081 2485 praehabendam
1119 2449 1216 2488 puto,
1254 2447 1336 2487 quod
1376 2448 1535 2487 posterior
1561 2448 1684 2477 nonnisi
1711 2448 1741 2477 in
1767 2451 1852 2476 terra
1878 2445 2018 2476 adhiberi

231 2504 379 2546 videtui-3
417 2506 476 2536 sed
504 2506 573 2537 fieri
600 2511 728 2548 potest,
767 2512 801 2537 ut
829 2508 959 2537 lanceae
986 2509 1090 2538 elatae
1124 2518 1195 2538 cum
1223 2509 1317 2549 gibbo
1346 2510 1561 2539 conferantur.
1614 2508 1822 2539 Multitudinis
1849 2506 2018 2548 significa-

233 2565 350 2595 tionem
389 2575 458 2596 cum
492 2577 575 2597 voce
611 2571 811 2599 coniunctam
847 2578 909 2598 non
945 2574 1032 2608 puto.
1085 2570 1160 2600 Vox
1186 2570 1309 2616 bis-³)
1337 2572 1377 2602 de
1403 2571 1464 2602 leni
1491 2577 1523 2602 et
1550 2572 1684 2602 tremulo
1720 2575 1807 2601 motu
1839 2571 2015 2602 adhibetur.
