2247 2865
1022 103 1291 136 -306—

261 209 330 239 sall.
384 209 417 238 In
445 207 508 239 hoc
534 213 639 238 antem
666 207 811 237 indicium
841 205 1033 235 fortitudinis
1061 213 1136 235 esse
1162 205 1309 246 videtur,
1346 204 1430 245 quod
1465 205 1495 234 in
1531 209 1648 246 gentes
1683 214 1745 234 uno
1772 205 1842 236 loeo
1869 205 2051 236 habitantes

261 268 383 312 (OQ)
411 276 443 302 et
470 281 531 301 non
558 271 746 309 dispersas,
781 270 874 307 inque
901 271 1033 307 genteS,
1067 276 1149 305 quae
1174 276 1243 297 cum
1271 267 1340 296 aliis
1368 267 1496 297 foedere
1524 267 1649 296 iunctae
1676 271 1768 306 sunt,
1794 271 1829 296 ut
1855 276 1963 296 eorum
1991 275 2051 296 au-

260 334 369 365 xilium
397 338 592 373 exspectare
619 333 754 372 possint,
780 332 930 360 incurrat.
969 330 1080 359 Verba
1106 333 1212 360 autem
1241 326 1312 358 ul>
1341 329 1415 374 Ut>
1443 344 1485 367 (Γ
1510 330 1551 357 adl
1579 329 1618 359 ad
1646 329 1800 359 sermonis
1826 328 1952 358 modum
1977 338 2054 366 per·

261 400 363 437 tinet,
396 398 447 436 qui
477 394 580 425 22&le
614 396 792 436 appellatur
830 393 935 424 conf.
962 392 1174 432 Darstellung
1200 391 1229 421 d.
1258 392 1354 425 Arab.
1382 392 1566 422 Verskunst
1600 402 1630 432 p.
1659 392 1741 422 539.
1773 397 1804 422 et
1831 392 1994 422 Hamas.
2021 400 2052 430 p.

260 460 364 498 219„
401 462 494 500 quasi
529 464 625 499 poeta
658 459 696 488 ad
724 458 875 498 quendam
905 467 942 487 se
969 460 1164 487 convertens
1197 456 1262 486 ista
1295 455 1394 484 verba
1421 455 1599 494 protulerit.
1652 455 1772 485 Eorum
1799 454 1917 484 s’ensus
1945 457 2052 483 autem

260 527 329 552 est:
358 521 419 559 Qui
446 522 476 550 in
504 522 566 551 ista
595 521 775 551 incursione
802 519 1001 560 occiduntur,
1030 528 1087 548 eos
1113 528 1176 548 non
1198 526 1355 548 curamus-

258 619 290 649 5.
313 619 359 648 ΕΙ
378 619 535 648 interdum
559 621 670 647 contra
690 620 813 655 gentem
836 617 921 646 Beer
945 617 1150 655 fraternitate
1171 615 1259 644 nobis
1282 615 1498 647 coniunctam,
1533 615 1781 652 quotiescunque
1811 615 1968 641 neminem
1991 613 2055 641 niet

904 672 1041 710 fratrem
1064 674 1207 699 nostrum
1230 672 1415 698 invenimus.

352 741 459 770 Verba
486 750 555 770 cum
584 740 794 770 antecedente
822 750 921 770 versu
946 740 1137 778 cohaerent,
1173 744 1207 769 ut
1231 740 1363 769 verbum
1397 738 1478 785 05¹&
1516 738 1718 777 (incurrunt)
1753 737 1965 778 supplendum
1994 738 2047 765 sit·

258 803 397 834 Gentem
426 804 508 832 Beer
535 803 665 832 fratrem
695 803 802 844 gentis
829 813 909 833 suae
937 803 1131 842 appellavit,
1160 803 1307 843 quoniam
1334 803 1544 844 TaghlebuS,
1572 812 1589 831 e
1617 802 1707 832 cuius
1735 804 1832 842 gente
1859 806 1954 839 poeta
1984 799 2050 828 ori·-

256 866 360 896 undus
396 872 484 908 erat7
523 866 622 895 frater
659 866 751 896 Becri
790 865 843 895 filii
877 866 1001 906 Wajeli
1036 869 1114 896 erat.
1175 865 1341 895 Posterior
1376 865 1487 895 scholii
1525 874 1600 904 pars
1638 873 1769 894 versum
1806 862 2050 893 antecedentem

255 934 390 970 spectat.

1031 1023 1261 1058 cxvln.

253 1099 393 1134 Dixit
405 1100 654 1145 Alam-adj
669 1100 916 1141 Malnnita,
941 1099 1025 1142 qui
1043 1109 1069 1133 e
1083 1107 1290 1133 numero
1306 1099 1565 1134 rehenium
1582 1117 1607 1148 ὃ
1617 1093 1696 1140 252>
1715 1101 1741 1136 ¹)
1764 1099 1884 1131 erat.
1909 1108 1978 1129 con
1989 1098 2025 1127 fe
2036 1107 2048 1126 r

1017 1160 1048 1189 H
1058 1169 1077 1189 a
1087 1169 1126 1188 m.
1154 1168 1184 1198 p.
1215 1157 1261 1188 51²?
1272 1180 1279 1187 .

253 1233 281 1263 1.
307 1232 520 1263 Omni-Sam
540 1231 693 1272 (matrem
717 1231 832 1273 Sami)
856 1232 961 1262 dolore
983 1241 1107 1268 semper
1129 1231 1290 1268 adflictam
1312 1231 1413 1265 video,
1444 1233 1672 1268 vituperantem
1692 1234 1723 1258 et
1746 1232 1868 1264 nescio,
1900 1238 1959 1257 cur
1988 1229 2050 1257 do·-

1013 1286 1079 1315 Iore
1102 1286 1282 1323 adstiyalur.

352 1360 478 1389 Versus
506 1359 567 1399 hic,
596 1358 647 1398 qui
674 1358 823 1387 carminis
852 1356 972 1386 initium*
1000 1360 1064 1397 est,
1092 1355 1355 1395 quemadmodum
1383 1365 1425 1385 ex
1452 1353 1702 1385 homoioteleuto
1730 1354 1760 1384 in
1786 1353 1920 1384 vocibus
1947 1355 2048 1401 ἔξω

251 1426 284 1452 et
310 1425 403 1469 &33
429 1422 540 1452 videre
566 1422 640 1452 licet
657 1420 699 1462 Ω),
726 1422 783 1461 rei,
811 1430 902 1460 quam
930 1424 1047 1450 tractat
1074 1427 1183 1460 poeta,
1211 1420 1461 1451 introducendae
1488 1419 1633 1449 inservit.
1673 1417 1791 1448 Verbis
1819 1413 1922 1464 &ij-Eho
1949 1420 2046 1456 poeta

251 1486 361 1515 uxoris
389 1494 465 1515 suae
493 1484 609 1526 agendi
637 1485 790 1514 rationem
819 1483 1004 1513 describens
1031 1487 1148 1513 statum
1177 1484 1359 1513 continuum
1387 1481 1571 1522 significare
1598 1481 1688 1520 vult3
1722 1490 1795 1511 nam
1827 1489 1922 1519 quum
1947 1477 2047 1508 verba

250 1544 293 1593 Δί)-
321 1547 344 1575 [a
373 1558 437 1577 rem
466 1548 628 1587 praeteriti
655 1547 809 1586 temporis
837 1547 1017 1576 continuam
1045 1547 1146 1577 fuisse
1174 1547 1358 1587 significent
1384 1550 1417 1575 et
1444 1545 1543 1575 verba
1573 1542 1634 1592 3552,
1662 1541 1686 1572 [ο
1712 1543 1855 1573 futurum
1873 1542 2044 1572 verborum

250 1606 293 1657 dl)
322 1608 346 1637 [a
372 1610 447 1647 sint,
475 1619 534 1638 non
563 1613 698 1648 possunt
725 1618 785 1638 non
811 1608 996 1648 significare
1029 1614 1150 1639 statum
1177 1609 1370 1639 continuum.
1425 1606 1486 1644 Qui
1514 1607 1675 1644 obiiciunt,
1704 1606 1838 1635 verbum
1863 1601 1920 1652 dl),
1949 1613 2042 1642 quum

250 1673 443 1702 contrarium
470 1673 513 1702 sit
539 1673 627 1701 vei-bi
660 1669 743 1711 Αἵ),
771 1681 832 1700 non
859 1680 976 1711 posse,
1004 1671 1088 1711 quod
1115 1670 1263 1712 negando
1292 1672 1468 1709 inserviat,
1496 1680 1561 1699 rem
1589 1670 1770 1699 continuam
1798 1675 1892 1709 esse3
1920 1667 1958 1697 iis
1988 1677 2042 1697 re-

250 1735 468 1775 spondendum
498 1740 567 1774 est,
602 1733 869 1774 significationem
899 1734 989 1762 verbi
1018 1737 1205 1773 negantem,
1234 1732 1339 1761 addita
1367 1733 1555 1771 negatione,
1594 1732 1663 1761 fieri
1691 1731 1932 1771 adfirmantem,
1965 1739 2041 1769 pro-

250 1804 363 1837 pterea
390 1798 471 1836 quod
501 1797 629 1837 negatio
645 1806 715 1826 curn
744 1798 914 1835 negatione
939 1796 1106 1825 coniuncta
1133 1794 1311 1824 adfirmatio
1340 1794 1403 1824 flat.
1449 1795 1504 1824 Sic
1530 1794 1798 1835 significationem
1830 1794 1920 1824 verbi
1949 1794 2037 1832 prio-

249 1870 315 1890 rem
341 1860 455 1890 redire.
509 1860 583 1888 Vox
611 1857 693 1899 „0323
719 1863 835 1888 statum
864 1858 1001 1887 feminae
1028 1857 1201 1897 describit,
1237 1862 1268 1887 ut
1298 1857 1338 1886 sit
1368 1866 1424 1896 pro
1452 1855 1541 1891 ωὸ.
1595 1857 1675 1886 Tum
1703 1856 1799 1898 dicit,
1835 1866 1872 1886 se
1902 1865 2043 1896 causam,

249 1931 304 1952 cur
331 1922 443 1951 mulier
470 1920 648 1959 condoleat,
677 1920 813 1949 nescire.

248 2024 282 2054 2,
303 2022 359 2051 Me
381 2025 549 2059 vituperat,
575 2023 660 2061 quod
680 2023 752 2060 ruso
773 2032 850 2059 equo
873 2020 923 2049 lac
946 2020 1084 2049 camelae
1104 2020 1271 2057 praebeam
1278 2030 1290 2057 ,·
1314 2022 1383 2057 ipsa
1408 2024 1511 2050 aulem
1534 2023 1643 2059 rufum
1664 2032 1779 2061 equum
1801 2025 1956 2059 tempore,
1983 2031 2043 2061 quo

863 2078 971 2104 [imore
994 2076 1120 2112 impleta
1144 2078 1200 2108 est,
1226 2085 1287 2103 mm
1310 2082 1432 2114 aequal.

348 2146 476 2176 Versus
504 2154 633 2175 causam
663 2145 778 2182 adfert,
808 2154 863 2174 cur
893 2153 975 2177 uxor
1001 2143 1141 2173 dolorem
1170 2144 1326 2183 concipiat
1354 2150 1387 2174 et
1414 2148 1557 2176 maritum
1585 2147 1759 2186 vituperet.
1795 2147 1923 2177 Arabes
1951 2147 2040 2177 bellis

247 2219 348 2249 saepe
375 2210 523 2248 occupati
551 2218 647 2248 quum
675 2213 738 2238 tum
766 2211 796 2238 in
826 2208 940 2248 pugnis
968 2212 1034 2237 tum
1060 2207 1090 2235 in
1117 2207 1212 2237 hoste
1230 2208 1453 2248 persequendo
1481 2215 1535 2238 aut
1562 2210 1591 2238 in
1620 2209 1785 2251 fugiendo,
1811 2215 1947 2249 quantae
1974 2209 2037 2239 nti-

247 2272 325 2302 litati
349 2272 428 2310 ipsis
456 2280 557 2310 equus
585 2280 766 2311 generosus
797 2276 907 2308 esset,
945 2273 1204 2310 cognoscerent,
1239 2279 1360 2301 summa
1395 2280 1464 2301 cum
1499 2280 1575 2301 cura
1602 2274 1692 2311 equis
1721 2273 1890 2313 generosis
1916 2271 2039 2302 alendis

247 2343 376 2373 operam
404 2333 539 2373 dabant>
574 2336 618 2364 ita
650 2339 685 2363 ut
711 2333 850 2363 camelae
878 2334 926 2362 lac
952 2334 991 2362 iis
1016 2331 1219 2372 porrigerent
1252 2331 1375 2369 (conf.
1403 2333 1496 2362 Ham.
1524 2335 1575 2363 θ’·,κ
1601 2343 1632 2363 v.
1664 2334 1713 2374 1.)
1752 2339 1785 2365 et
1817 2334 1889 2374 ipsa
1921 2333 2039 2363 familia

263 2442 292 2472 1)
312 2442 331 2466 E
351 2449 461 2466 numero
477 2446 592 2472 quatuor
611 2443 718 2466 millium
731 2449 788 2466 eum
801 2443 884 2466 fuisse
902 2441 973 2471 vult,
992 2440 1036 2470 qui
1054 2438 1265 2463 contraAhliuni
1286 2433 1455 2464 rebellarent.
1475 2441 1550 2473 Quos
1570 2449 1647 2474 quum
1667 2444 1826 2468 adhortatus
1845 2447 1918 2468 esset
1936 2444 2040 2478 Atilius,

311 2492 410 2519 partem
429 2495 531 2514 eorum.
551 2489 593 2519 qni
613 2490 639 2512 in
659 2489 808 2512 rebellione
828 2494 1044 2518 perseverarent,
1063 2495 1144 2518 paene
1163 2487 1263 2511 delevit
1282 2489 1366 2512 conf.
1388 2489 1476 2512 Abull‘.
1497 2491 1568 2513 Ann.
1587 2490 1617 2514 Τ.
1637 2491 1657 2515 l.
1676 2497 1701 2520 p.
1719 2491 1782 2514 326.

260 2542 291 2574 2)
310 2543 388 2575 Quod
406 2544 429 2567 si
450 2545 473 2567 in
495 2545 584 2574 priore
603 2550 698 2567 versus
718 2544 882 2567 hemistichia
902 2543 1129 2567 homoioteleuton
1150 2540 1308 2571 posterioris
1328 2545 1386 2572 est,
1407 2543 1456 2567 hoc
1475 2549 1558 2568 ω
1579 2543 1733 2572 appellatur
1750 2544 1851 2576 (conf.
1870 2544 1929 2569 libr.
1949 2551 2033 2569 meum

309 2598 487 2629 Darstffluug
505 2597 527 2621 d.
549 2599 628 2622 Arabv
649 2598 803 2622 Verskunst
823 2603 871 2622 etc.
892 2606 914 2629 p.
936 2598 998 2622 117.
1019 2596 1081 2620 177.
