2247 2865
1015 100 1286 131 —228—

257 198 291 226 2.
313 197 359 225 E!
369 199 399 225 ei
409 198 442 225 in
454 206 498 230 eo,
512 197 597 235 quod
608 198 656 225 vir
668 199 702 226 in
719 206 796 226 casu
811 197 943 225 adverso
959 197 1082 225 tristem
1097 206 1134 225 se
1147 197 1293 233 ostendit,
1309 198 1501 226 commodum
1518 201 1606 227 esset
1620 200 1678 227 aut
1696 197 1860 227 humilitas
1874 198 2050 235 prodesset,-

257 249 290 279 3.
318 250 432 279 Tamen
455 253 488 280 in
510 253 595 280 omni
615 251 795 280 calamitate
816 254 848 280 et
864 252 1017 290 fortunae
1039 260 1135 286 casu,
1164 254 1201 279 ut
1225 253 1398 288 patientem
1420 261 1456 281 se
1478 252 1638 288 ostendat,
1669 253 1735 280 viro
1762 253 1899 290 ingenuo
1921 253 2050 290 diffinias

963 307 1263 345 convenientiusque
1285 309 1342 335 est.

356 375 399 405 Hi
427 374 490 405 duo
520 385 636 406 versus
663 375 694 404 in
721 373 881 404 Mersukii
908 382 1007 413 opere
1032 382 1096 403 non
1121 374 1283 415 leguntur.
1311 375 1502 406 Patientiam
1527 376 1558 406 in
1585 376 1769 407 calamitate
1796 376 1924 406 omnino
1951 385 2048 416 prae-

257 436 421 468 ferendam
447 448 524 468 esse
541 438 627 468 dicit.
655 439 704 467 De
719 437 873 476 patientia
888 436 1046 466 Arabibus
1062 435 1190 465 laudata
1205 435 1352 466 conferas
1378 437 1478 467 Meid.
1499 437 1537 468 C.
1569 439 1600 480 1,
1621 439 1702 468 457.
1732 437 1788 479 13,
1809 437 1867 468 40.
1897 437 1954 478 14,
1969 436 2049 467 131.

257 498 292 540 8,
322 500 378 530 74.
407 500 441 542 6,
469 500 526 530 60.
554 505 587 530 et
614 500 834 529 Abu—Becrus
861 508 933 528 eam
960 496 1104 528 laudavit
1130 498 1203 530 ibid.
1230 498 1266 528 Τ.
1294 499 1347 528 ΠΙ.
1375 499 1470 538 (61).
1500 501 1538 530 Si
1563 501 1594 531 in
1620 501 1720 531 verbo
1748 499 1814 546 0¹5
1840 509 1960 530 versus
1987 508 2048 539 po·-

256 564 403 592 sterioris
428 572 603 602 pronomen
628 571 690 592 non
719 572 795 593 esse
822 567 952 602 putatur
979 562 998 592 i.
1022 571 1051 591 e.
1075 561 1104 590 si
1121 561 1247 590 nonnisi
1273 561 1416 592 subiecto
1443 571 1513 592 cum
1541 563 1724 602 praedicato
1751 561 1971 602 coniungendo
1998 561 2049 590 in-

255 626 371 665 servit,
398 625 480 655 duae
508 635 560 655 res
583 629 691 656 contra
717 628 972 666 grammaticam,
1000 633 1133 665 quarum
1160 632 1276 653 causae
1304 624 1428 653 nonnisi
1443 624 1472 653 in
1488 626 1580 654 metri
1603 625 1725 655 ratione
1741 624 1944 664 quaerendae
1962 627 2048 663 sunt,

255 687 479 726 observantur,
507 697 571 717 una
598 687 683 727 quod
705 689 737 717 in
754 696 837 716 voce
856 683 982 733 ὑμᾶς,
1008 696 1091 726 quae
1111 686 1289 726 praedicati
1308 686 1409 717 locum
1426 691 1521 726 tenet,
1551 688 1730 718 accusativi
1743 697 1839 718 casus
1859 687 2048 728 quiescente

253 748 359 780 littera
385 763 423 789 ις
450 759 629 789 expressus
658 759 719 779 non
747 753 818 791 est,
848 750 950 780 altera
976 754 1101 788 autem,
1129 748 1212 789 quod
1238 758 1353 779 nomen
1379 750 1471 779 verbi
1496 747 1563 795 ΘΚ
1588 750 1606 780 i.
1635 760 1663 780 e.
1693 751 1893 791 subiectum,
1926 750 2047 788 (voces

253 812 377 842 scilicet
401 811 509 852 ΜΒ
523 809 589 856 2³:9⁸)
617 812 813 843 indefinitum
831 818 892 853 est,
920 812 993 842 dum
1020 811 1240 852 praedicatum
1269 812 1333 850 (sc.
1362 821 1430 842 vox
1455 810 1588 859 &Ji-²²3⁸)
1616 812 1779 842 definitum
1807 812 1870 850 (sc.
1898 811 2047 850 articulo)

253 879 315 904 est.
344 874 553 907 Grammatici
578 876 609 905 in
637 876 738 906 verbo
764 874 829 921 Ol<
858 885 969 905 nomen
991 874 1090 920 Oti-'di
1119 879 1175 904 aut
1201 872 1289 903 aa&
1319 884 1384 906 res
1412 875 1554 915 suppleri
1580 884 1680 915 posse
1702 875 1862 914 dixerunt,
1890 878 1937 914 ut,
1964 882 2047 913 quae

251 942 439 979 sequantur,
467 939 644 969 subiectum
672 945 704 970 et
730 939 946 979 praedicatum
973 948 1046 969 cum
1073 939 1173 968 verbo
1199 935 1266 983 015
1291 937 1497 967 cohaerentia
1524 946 1587 967 non
1614 937 1689 967 sint.
1730 936 1798 967 Sed
1829 945 1901 966 raro
1926 939 2048 966 tantum

252 1001 379 1032 Arabes
406 1001 490 1032 hunc
516 1002 664 1041 loquendi
691 1002 819 1033 modum
848 1002 1069 1032 adhibuerunt.
1099 1001 1191 1031 Hanc
1218 1009 1297 1030 vero
1324 1000 1477 1030 rationem
1505 1003 1679 1038 sequentes
1711 1007 1843 1028 versum
1872 996 2049 1036 Alohdjairi

251 1063 409 1095 Salulitae
423 1061 452 1108 ¹)
485 1067 679 1101 recitarunt:
716 1065 824 1103 (metr.
851 1063 996 1105 Thau-il]
1026 1063 1142 1102 Quod
1169 1064 1205 1093 si
1232 1063 1402 1104 morior,
1438 1062 1629 1092 homines
1657 1061 1821 1091 duabus
1849 1059 2045 1099 partibus

251 1127 522 1169 constabunt,
550 1137 720 1167 quarum
749 1137 825 1157 una
851 1126 1006 1168 gaudio
1033 1126 1203 1156 adfecta
1230 1130 1315 1166 est,
1345 1124 1482 1155 altera
1508 1124 1614 1164 quod
1641 1124 1817 1165 agebam
1844 1122 1995 1153 laudat.

251 1224 282 1253 4.
326 1224 375 1254 Et
394 1225 566 1263 quomodo?
588 1225 664 1255 dum
686 1226 788 1254 omnis
810 1226 945 1264 quisque
978 1232 1081 1262 neque
1116 1226 1246 1252 mortem
1279 1224 1416 1262 effuqere
1445 1231 1547 1261 neque
1578 1221 1624 1256 id,
1663 1220 1748 1259 quod
1776 1220 1866 1250 Deus
1898 1219 2044 1255 decrevit,

1023 1280 1140 1307 evitare
1159 1280 1271 1314 polest.

349 1335 412 1367 Hic
440 1346 570 1377 versuS‚
597 1336 649 1376 qui
678 1336 709 1366 in
735 1333 894 1366 Blersukii
924 1335 1002 1365 libro
1028 1344 1093 1365 non
1119 1338 1181 1372 est,
1207 1332 1476 1373 praecedentibus
1506 1330 1702 1371 explICandis
1730 1331 1879 1371 inservit,
1914 1329 2044 1360 dicens:

252 1402 370 1439 quanto
397 1397 522 1439 dignior
551 1399 620 1428 viro
636 1399 791 1438 patientia
807 1402 869 1436 est,
897 1406 990 1437 quum
1012 1397 1043 1427 in
1064 1395 1259 1435 impatientia
1281 1396 1399 1426 nullum
1416 1397 1459 1425 sit
1478 1391 1707 1426 commodum?
1736 1395 1816 1424 Post
1836 1392 2042 1431 vocesz‘

250 1462 403 1502 suppleas
428 1463 546 1492 verba:
587 1461 761 1501 »patientia
790 1461 859 1491 viro
886 1460 1008 1501 dignior
1034 1469 1097 1489 non
1124 1464 1197 1489 est«
1227 1464 1283 1488 aut
1310 1459 1359 1488 his
1386 1458 1507 1488 similia.
1543 1457 1684 1488 Verbum
1711 1455 1774 1487 las:
1800 1457 1861 1487 hoc
1888 1457 1919 1487 in
1944 1465 2046 1487 versu

251 1525 468 1566 currendi,
495 1524 802 1564 praevertendi
828 1523 1093 1564 significationem
1118 1521 1233 1556 habet3
1260 1521 1356 1567 obj-‘³²
1381 1524 1489 1549 autem
1516 1519 1639 1549 locus
1667 1524 1730 1556 est,
1758 1528 1834 1558 quo
1861 1519 1953 1558 quis
1979 1528 2045 1548 re-

250 1589 388 1629 cedit,
415 1598 455 1618 ne
482 1597 554 1618 eum
582 1596 636 1617 res
663 1586 802 1627 attingat
828 1585 932 1625 (conf.
958 1585 1054 1615 Ham
1081 1586 1133 1614 04⁸
1150 1594 1182 1614 v.
1201 1584 1264 1622 5.).
1294 1584 1433 1612 Mortem
1452 1581 1605 1611 neminem
1629 1581 1776 1622 effugere
1791 1590 1903 1622 posse,
1919 1581 2045 1611 Arabes

250 1651 366 1682 docent
400 1650 504 1681 conf.
542 1649 641 1680 Meid.
671 1650 709 1680 C.
741 1650 772 1688 1,
801 1649 884 1679 284.
920 1647 979 1689 23,
1010 1647 1092 1678 413.
1130 1648 1188 1685 24,
1218 1647 1300 1677 585.
1337 1645 1396 1686 252
1425 1645 1482 1676 6⁴2.
1510 1644 1727 1674 Ebu-Alrumi
1754 1641 1886 1686 poetass)
1911 1643 2045 1674 eundem

249 1722 379 1744 sensum
408 1713 480 1744 inde
507 1713 686 1743 derivatum
713 1711 844 1751 pulchre
870 1712 1037 1750 expressit
1063 1710 1186 1740 dicens:
1213 1706 1319 1751 (metr.
1336 1703 1478 1750 Thawil)
1505 1706 1763 1737 Patientiam
1791 1711 1891 1746 puto
1919 1694 2044 1737 laude

250 1775 415 1818 dignam
442 1784 560 1815 esse,
590 1776 675 1805 etsi
701 1783 830 1804 causa
856 1777 940 1811 est,
968 1781 1039 1802 cur
1064 1781 1139 1801 non
1166 1771 1299 1812 adsit,
1326 1775 1367 1801 et
1394 1766 1622 1809 quomodo?
1650 1779 1766 1809 quum
1784 1771 1899 1801 nulla
1920 1780 2044 1802 causa

249 1839 328 1880 sit,
354 1848 426 1869 cur
452 1838 580 1870 absit.
616 1837 694 1867 Hic
720 1835 929 1876 patientia
954 1834 1080 1865 decet
1107 1838 1146 1864 et
1171 1834 1377 1873 patientia
1404 1833 1658 1862 necessaria
1685 1837 1772 1871 est3
1806 1832 1879 1862 sed
1915 1833 1952 1863 in
1980 1843 2044 1873 re,

249 1910 356 1941 quae
383 1901 543 1931 evitari
570 1909 644 1930 non
671 1904 838 1939 potest,
865 1897 1139 1928 necessarior
1164 1902 1242 1926 est.
1270 1896 1345 1926 Vir
1372 1895 1581 1935 patientia
1607 1905 1761 1927 manum
1789 1897 2042 1928 corroborat.

249 1964 451 1994 'rutamen
478 1965 516 1993 ei
542 1966 624 2004 est,
651 1963 774 1993 cuius
801 1962 928 1992 funes
955 1970 1033 1991 non
1063 1959 1374 1997 abrumpuutur.
1405 1955 1532 1994 Quum
1551 1956 2043 1997 calamitatestemporis

250 2020 318 2061 (μ.
341 2020 768 2066 126·)οἰι·οιιιῃᾱειυῐ,
786 2024 820 2054 ei
846 2023 915 2053 cui
942 2021 1145 2063 effugium
1172 2029 1245 2050 non
1275 2018 1413 2056 est,in
1441 2027 1488 2048 ea
1507 2016 1717 2059 refugium
1742 2017 1935 2049 liberans
1961 2023 2041 2050 est.

248 2122 280 2153 5.
303 2122 380 2152 Etsi
399 2122 467 2151 dies
489 2123 571 2151 inter
594 2130 654 2151 nos
673 2121 938 2160 permutabantur
961 2119 1050 2148 modo
1070 2119 1165 2147 vitam
1188 2116 1403 2146 calamitosam
1425 2115 1514 2144 modo
1537 2115 1726 2144 commodam
1749 2116 1946 2155 adferentes,
1969 2124 2043 2145 nam

900 2175 947 2203 sic
965 2173 1118 2211 fortunae
1141 2180 1237 2199 casus
1260 2173 1380 2207 ayunt;

249 2230 283 2259 6.
310 2229 426 2260 Tamen
448 2229 574 2258 hastam
596 2232 737 2258 nostram
759 2229 873 2258 duram
897 2228 1021 2258 mollem
1043 2237 1106 2256 non
1128 2227 1335 2256 reddiderunt
1363 2229 1394 2254 et
1421 2225 1538 2262 aqemli
1559 2225 1678 2252 rationi
1698 2223 1787 2252 lemul
1803 2223 1962 2260 pulchrae
1983 2231 2041 2251 nos

998 2290 1062 2311 non
1083 2282 1291 2310 subiecerunt.

345 2348 381 2378 In
407 2348 458 2378 his
485 2351 583 2387 poeta
607 2346 721 2377 fortem
747 2356 878 2377 suorum
906 2347 1043 2378 animum
1070 2347 1199 2389 laudat,
1234 2347 1287 2387 qui
1323 2346 1492 2377 infortunio
1527 2345 1649 2376 fractus
1684 2355 1746 2376 non
1781 2348 1835 2377 sit.
1871 2345 1962 2375 Haec
1989 2349 2041 2375 est

265 2431 295 2462 1)
314 2429 455 2462 Alohdjnir
474 2432 497 2455 b.
518 2431 706 2455 Anba-Anah
730 2431 753 2454 h.
772 2430 873 2454 Ohbaid
898 2431 922 2454 h.
941 2430 1015 2454 Cahb
1040 2432 1160 2459 tempore
1178 2428 1379 2460 Omaijadarum
1398 2434 1479 2459 poeta
1498 2437 1600 2460 pauper
1623 2434 1702 2462 erat,
1730 2436 1805 2460 quem
1823 2428 2037 2452 Ebu-salamus

315 2476 397 2501 classi
421 2478 529 2508 quintae
548 2481 686 2507 poetarum
705 2476 793 2500 islami
811 2475 1005 2499 adnumeravit.
1040 2475 1158 2498 Versum
1182 2474 1254 2497 beat.
1274 2475 1305 2498 de
1327 2474 1436 2504 Sacyus
1454 2475 1481 2499 in
1501 2475 1648 2506 Autholog.
1666 2475 1756 2499 Gram.
1776 2480 1799 2503 p.
1819 2473 1873 2496 335
1891 2473 2041 2497 adnotavit.

312 2532 350 2556 lbi
368 2532 430 2556 loco
449 2532 524 2556 vocis
541 2526 645 2572 offilo-i
664 2531 764 2562 legitur
781 2523 899 2571 OQM,
917 2530 988 2561 quod
1006 2528 1208 2559 praeferendum
1229 2527 1342 2552 videtur.

262 2585 296 2617 2)
315 2587 400 2610 Natus
419 2593 491 2610 anuo
509 2587 562 2610 221
583 2587 608 2610 in
629 2586 692 2610 urbe
711 2586 828 2617 Bagdad,
855 2591 927 2609 anno
946 2584 1002 2608 233
1020 2587 1068 2608 aut
1085 2582 1141 2606 284
1159 2585 1205 2607 aut
1223 2583 1277 2606 236
1296 2582 1390 2607 ibidem
1409 2586 1530 2607 mortuus
1549 2585 1590 2606 est
1607 2581 1694 2606 conf.
1715 2580 1881 2605 Ebu-chan.
1901 2581 1951 2605 No.
1971 2580 2036 2605 47⁴.
