2247 2865
985 99 1251 131 -450—

225 206 437 238 Ebu-Bidhus
466 209 624 236 mercator
652 207 736 245 erat,
770 202 820 233 cui
847 201 1013 230 Lokmano
1041 199 1178 230 Ahditae
1206 199 1354 229 tributum
1382 198 1522 229 vestium
1561 196 1753 227 solvendum
1791 201 1870 227 erat.
1923 196 2012 227 Etm-

225 268 348 299 Bidhus
385 273 493 298 autem
527 278 564 298 se
598 277 617 298 a
644 267 806 296 Lokmano
847 264 1038 293 liberaturus
1074 263 1185 303 fugam
1224 262 1327 302 cepit,
1369 265 1400 292 et
1434 266 1468 292 ut
1502 261 1703 290 Lokmanum
1739 270 1758 290 a
1792 258 2015 299 persequendo

227 323 298 369 (ι).
323 325 452 366 251.)
480 333 641 367 retineret,
669 329 699 358 in
726 328 813 368 iugo,
842 336 899 365 per
920 324 1003 365 quod
1023 326 1076 354 via
1091 324 1241 365 ducebat,
1270 327 1383 354 vestes
1409 324 1479 353 illas
1508 323 1626 353 tributo
1654 322 1829 352 destinatas
1857 320 2015 360 deposuit.

227 391 314 431 Quas
341 402 436 432 quum
464 393 648 421 Lokmanus
672 390 819 428 videret,
860 388 923 417 ista
959 388 1057 417 verba
1085 387 1250 426 proferens
1278 397 1295 417 a
1323 385 1544 425 persequendo
1572 385 1695 415 destitit
1721 382 1847 428 (conf.
1875 382 2016 412 Meidan.

228 456 265 487 C.
289 456 344 496 12,
363 451 422 498 4.).
461 455 561 484 Poeta
581 451 780 483 Baschamah
801 451 830 480 b.
849 451 939 480 Hasn
958 452 1052 480 istam
1072 459 1138 479 rem
1157 450 1185 478 in
1203 458 1300 478 versu
1319 452 1473 486 sequente
1493 447 1655 485 respexit:
1684 446 1794 484 (metr.
1815 444 2017 483 Motakarib)

227 520 371 549 Instar
397 517 655 549 vestimenti
683 514 946 555 Ebn-Bidhi,
974 522 1049 553 quo
1078 522 1151 542 eos
1180 511 1395 546 defendit,
1425 520 1512 540 nam
1541 510 1788 540 viatoribus
1815 509 1924 539 viam
1952 508 2019 537 ob-

228 585 470 612 struxerat.
524 580 604 610 Cum
629 581 698 608 viro
728 577 833 607 Atfind
860 576 1098 617 cognominato,
1124 574 1173 604 cui
1200 584 1312 603 nomen
1339 573 1459 603 Schahl
1487 573 1514 603 b.
1543 573 1704 603 Schaiban
1733 572 1856 611 (conf.
1884 572 2018 602 Hamas.

229 654 258 684 p.
286 657 301 672 Λ
329 647 360 673 et
381 643 597 673 Ebn-Kotaib.
618 651 647 680 p.
667 641 779 681 1280,
807 639 891 669 duae
919 638 1013 675 filiae,
1043 637 1170 676 puellae
1196 635 1372 674 impudicae
1400 640 1506 673 erant;
1535 645 1665 674 quarum
1695 645 1757 665 una
1783 635 1855 664 velo
1883 637 2019 670 retecto,

230 711 264 737 ut
291 706 436 736 homines
455 705 495 735 ad
516 704 718 746 pugnandum
738 703 897 738 incitaret,
927 706 1023 731 metro
1044 699 1164 738 Redjes
1183 698 1284 727 verba
1304 697 1471 735 sequentia
1493 697 1642 735 protulit:
1670 697 1834 738 Pugna,
1861 705 2019 736 pugna,

231 778 388 809 pugna,
416 762 570 808 pugna!
599 767 724 797 Calor
750 764 930 795 incaluit
957 768 994 793 et
1023 762 1191 792 exarsit
1219 763 1257 790 et
1285 769 1329 789 eo
1357 759 1496 789 colles
1525 758 1690 798 impleti
1717 763 1825 789 sunt.
1854 758 1881 789 Ο
1909 767 2020 797 quam

230 829 399 869 pulchri
436 833 549 867 sunt,
590 828 656 867 qui
693 826 865 857 meridie
900 833 1055 855 comam
1094 818 1386 862 amputarunt!
1440 822 1561 852 Eodem
1593 827 1693 852 metro
1724 832 1784 851 usa
1812 821 1877 851 filia
1903 819 2022 850 Alfindi

231 891 325 921 dixit:
355 891 440 921 Nos
468 891 590 921 filiae
617 891 804 921 viatoris
832 887 1035 918 nocturni
1061 896 1218 926 sumus,
1257 894 1385 924 super
1418 884 1643 925 stragulis
1672 883 1817 913 sellae
1843 881 2021 912 cameli-

231 963 306 983 nae
335 952 536 982 vehimur.
590 952 633 981 Si
660 951 912 991 proceditis,
948 950 1263 989 amplectimur,
1300 948 1365 977 sin
1393 947 1619 988 receditis,
1656 954 1912 986 separamus
1940 953 2022 974 nos·

231 1017 311 1045 Tum
340 1025 421 1056 gens
450 1016 531 1046 Beer
559 1018 669 1044 contra
694 1014 807 1043 hostes
836 1022 873 1042 se
898 1018 1091 1043 convertens
1121 1011 1406 1042 vehementissime
1435 1010 1591 1051 pugnavit
1618 1015 1650 1040 et
1681 1009 1863 1049 Djahdarus
1893 1010 2024 1047 primum

232 1080 383 1118 equitem,
408 1078 459 1116 qui
475 1087 492 1106 a
511 1079 587 1117 iugo
609 1080 828 1116 processerat,
856 1077 1016 1114 captivum
1032 1075 1071 1105 ad
1089 1085 1146 1104 eos
1166 1074 1309 1114 adduxit,
1327 1072 1588 1112 quemadmodum
1608 1072 1811 1111 promiserat,
1838 1070 2025 1100 Alharitsus

234 1141 262 1170 b.
292 1140 404 1171 Ohbad
432 1145 536 1170 autem
565 1148 810 1179 quemcunque,
839 1137 920 1167 nullo
948 1137 1127 1167 discrimine
1155 1137 1240 1167 facto
1269 1136 1407 1173 occidit,
1434 1135 1494 1164 sed
1521 1137 1549 1164 si
1576 1135 1606 1164 in
1633 1135 1737 1164 virum
1763 1133 1948 1163 fortitudine
1974 1132 2025 1161 in-

233 1204 359 1245 signem
389 1204 554 1245 incideret,
582 1213 652 1233 eum
683 1212 700 1231 e
728 1202 808 1231 sella
836 1200 997 1230 sublatum
1025 1199 1064 1230 ad
1092 1210 1169 1230 suos
1198 1200 1391 1239 perferebat,
1421 1199 1506 1239 dum,
1534 1200 1604 1238 quis
1631 1203 1731 1240 esset,
1759 1198 1933 1227 nesciebat.
1960 1197 2026 1225 Im-

234 1271 343 1305 petum
370 1271 473 1296 autem
501 1276 594 1305 quum
622 1265 757 1294 fecisset
785 1264 814 1292 in
842 1264 954 1300 virum,
982 1271 1072 1301 quem
1100 1272 1155 1301 pro
1184 1262 1286 1303 gestis
1315 1261 1384 1291 suis
1413 1271 1473 1290 non
1503 1261 1732 1301 cognoscebat,
1760 1259 1970 1288 fortissimum
1994 1262 2028 1287 et

234 1327 390 1369 dignitate
417 1329 549 1368 clarum,
577 1327 626 1357 hic
653 1327 682 1356 ei
710 1326 803 1356 dixit:
843 1325 878 1355 Si
906 1325 1043 1366 benigne
1071 1335 1150 1365 erga
1178 1334 1228 1354 me
1256 1324 1347 1365 agis,
1387 1324 1441 1353 tibi
1469 1323 1632 1362 Ahdijjum
1661 1323 1689 1352 b.
1721 1321 1844 1352 Rabiah
1873 1321 2026 1351 indicabo.

235 1391 338 1429 Quem
366 1392 463 1432 igitur
490 1392 663 1421 securitate
692 1398 846 1419 concessa
874 1388 1011 1417 indicare
1037 1387 1203 1427 iussisset,
1231 1386 1311 1416 alter
1338 1388 1519 1424 recusavit,
1558 1386 1618 1415 nisi
1646 1385 1772 1414 Anhfus
1801 1385 1829 1415 b.
1858 1383 2029 1413 Mohattem

235 1455 367 1486 adstans
396 1456 499 1494 ipsum
526 1455 555 1482 in
584 1453 759 1482 clientelam
788 1451 979 1490 recepisset.
1033 1450 1159 1480 Auhfus
1186 1451 1213 1479 b.
1243 1449 1427 1488 Mohallem,
1455 1452 1506 1489 qui
1533 1451 1697 1489 captivum
1725 1452 1838 1478 nosset
1864 1452 1896 1477 et
1922 1448 1960 1477 ab
1989 1455 2028 1475 eo

237 1518 382 1558 cognitus
417 1520 507 1546 esset
543 1516 633 1554 (dum
672 1517 765 1543 antea
803 1513 961 1542 amicitiae
996 1512 1123 1541 vinculo
1160 1512 1258 1542 iuncti
1286 1513 1452 1552 fucrant),
1486 1512 1620 1542 alterius
1647 1510 1809 1551 perfidiam
1836 1510 1970 1549 timens,
2000 1510 2028 1539 si

237 1581 399 1620 captivum
425 1580 584 1618 novisset,
612 1578 725 1608 iterum
754 1578 933 1615 iterumque
960 1584 1116 1605 recusans
1145 1577 1282 1615 monuit,
1311 1580 1343 1605 ut
1372 1576 1531 1614 captivum
1560 1574 1732 1604 occideret.
1785 1573 1924 1603 Tandem
1952 1582 2029 1612 pre-

237 1643 327 1673 cihus
353 1642 470 1672 cedens
499 1641 624 1671 Auhfus
653 1650 724 1669 eum
753 1639 906 1668 dimittere
934 1639 1050 1677 iussit,
1092 1642 1124 1667 ut
1161 1647 1242 1676 pone
1277 1641 1400 1678 tergum
1437 1647 1530 1666 suum
1565 1637 1708 1675 interque
1735 1636 1886 1665 humeros
1914 1639 2028 1673 staret,

238 1712 300 1735 tum
323 1706 497 1744 captivum,
513 1706 584 1743 quis
605 1707 706 1739 esset,
729 1702 819 1731 alteri
836 1701 979 1730 nuntiare
1002 1699 1087 1729 dixit.
1117 1700 1300 1728 Alharitsus
1317 1705 1436 1739 autem,
1463 1704 1495 1729 ut
1515 1700 1649 1729 alterum
1669 1699 1726 1738 ipsi
1747 1697 1911 1736 indicaret,
1928 1698 2030 1727 voluit

239 1774 271 1799 et
298 1778 392 1807 quum
421 1768 458 1797 ah
486 1767 587 1796 altero
625 1766 863 1804 interrogatus,
898 1773 970 1792 nnm
1000 1761 1276 1791 Amru-l'lx'aisum
1305 1763 1333 1791 b.
1363 1763 1454 1792 Aban
1482 1763 1603 1801 veltet,
1643 1760 1887 1800 respondisset,
1926 1771 1962 1790 se
1990 1770 2028 1791 eo

239 1838 422 1863 contentum
449 1840 544 1870 esse,
576 1830 605 1859 ei
633 1829 734 1858 virum
763 1827 832 1857 rufo
862 1836 944 1866 equo
972 1825 1141 1854 vehentem
1169 1824 1313 1862 vittaque
1341 1825 1434 1854 rubra
1461 1828 1576 1854 tectum
1604 1823 1754 1852 ostendit.
1814 1824 1906 1853 Hunc
1933 1824 2030 1864 igitur

239 1896 358 1934 impetu
386 1894 468 1924 facto
489 1894 526 1922 in
554 1894 644 1922 ulnas
673 1897 835 1930 receptum
865 1891 904 1920 ad
931 1899 1009 1919 suos
1037 1889 1176 1928 portavit
1204 1893 1233 1917 et
1265 1897 1319 1926 pro
1349 1886 1497 1926 Bodjairo
1528 1886 1644 1916 oceidit
1671 1884 1794 1929 (conf.
1821 1887 1914 1915 Ham.
1935 1897 1964 1926 p.
1990 1887 2030 1916 fol

240 1958 258 1988 l.
290 1958 310 1986 6
338 1954 433 1999 infr.).
489 1956 672 1986 Alharitsus
699 1955 760 1983 isto
790 1953 839 1982 die
868 1952 969 1981 dixit:
1017 1952 1167 1980 »Lancea
1197 1950 1298 1980 timidi
1325 1950 1447 1990 longior
1468 1954 1555 1989 est«,
1582 1958 1663 1988 quae
1692 1949 1792 1978 verba
1817 1949 1847 1978 in
1873 1949 2033 1988 proverbii

240 2019 501 2050 consuetudinem
536 2021 694 2047 venerunt
730 2015 851 2054 (conf.
880 2014 1018 2044 Meidan.
1053 2014 1090 2042 Τ.
1120 2014 1172 2042 111.
1203 2014 1235 2043 l’.
1268 2014 1296 2043 l.
1325 2013 1387 2042 No.
1420 2011 1553 2049 1193.).
1617 2012 1712 2041 Istam
1752 2021 1818 2041 rem
1857 2011 2032 2051 respiciens

244 2082 425 2112 Alharitsus
453 2080 545 2109 dixit:
583 2078 690 2121 (metr.
719 2075 842 2121 Chafrf)
871 2078 1021 2107 Plures
1048 2078 1088 2106 in
1115 2076 1301 2115 proeliis
1332 2076 1500 2113 impune
1528 2075 1660 2104 occisi
1694 2080 1812 2114 sunt,
1853 2074 1923 2104 sed
1961 2084 2032 2114 pro

241 2153 317 2184 quo
346 2141 846 2173 talione,Ebu-Abanum
874 2139 1031 2176 occidi,
1072 2139 1107 2168 is
1135 2139 1311 2178 impune
1339 2140 1519 2168 occisus
1555 2147 1635 2166 non
1666 2142 1740 2167 est.
1793 2137 1881 2167 Vae
1918 2136 2031 2168 mihi!

241 2209 419 2246 propter
447 2203 664 2242 Ahdijjum
692 2201 966 2241 etAhdijjum
994 2200 1097 2231 haud
1128 2201 1244 2238 novi,
1271 2210 1385 2239 quem
1414 2208 1552 2228 manus
1581 2199 1618 2227 in
1647 2203 1913 2237 potestatem
1938 2196 2034 2226 mihi

242 2268 484 2303 dedissent,
502 2265 708 2304 equitem,
733 2265 800 2303 qui
816 2274 957 2305 agmen
975 2263 1121 2304 gladio
1139 2263 1333 2302 percutit
1353 2266 1392 2291 et
1408 2270 1547 2290 coram
1565 2270 1642 2299 quo
1660 2260 1774 2290 oculi
1794 2260 1898 2289 elati
1924 2263 2031 2288 sunt.

241 2332 393 2367 Narrant,
410 2330 510 2358 virum
527 2339 544 2358 e
561 2333 658 2369 gente
676 2327 832 2367 Taghleb‚
849 2328 901 2366 qui
918 2332 991 2366 post
1008 2336 1043 2356 se
1060 2326 1193 2356 alterum
1209 2326 1302 2355 simul
1319 2324 1491 2353 vehentem
1507 2324 1630 2353 Basbas
1647 2324 1677 2353 b.
1693 2324 1808 2354 Masen
1824 2323 1966 2360 haberet,
1985 2322 2034 2351 in-

242 2395 371 2423 vasisse
398 2392 560 2421 mulierem
589 2390 762 2426 Bet-titani,
804 2398 937 2427 quacum
966 2388 1068 2417 infans
1094 2392 1185 2417 esset
1213 2382 1245 2416 et
1273 2387 1418 2415 hortante
1445 2385 1590 2415 Basbaso
1618 2384 1766 2414 infantem
1792 2384 1902 2413 lancea
1926 2387 2035 2412 trans-

243 2455 357 2486 fixisse
385 2458 416 2484 et
444 2454 473 2483 in
501 2463 608 2483 aerem
636 2452 822 2482 sustulisse.
875 2451 948 2479 Hoc
974 2455 1078 2479 autem
1118 2448 1285 2478 consilium
1322 2447 1350 2476 in
1389 2456 1489 2476 causa
1528 2446 1652 2483 fuisse,
1692 2455 1748 2476 cur
1784 2453 1863 2485 gens
1891 2443 2036 2484 Taghleb

242 2518 414 2548 Basbasum
443 2517 575 2555 eiusque
604 2515 750 2545 familiam
777 2513 859 2543 malo
887 2511 981 2541 omini
1010 2509 1162 2548 haberet;
1191 2519 1261 2539 nam
1289 2519 1383 2548 quum
1404 2509 1469 2539 ille:
1502 2509 1596 2538 »Vae
1624 2507 1715 2538 matri
1738 2504 1856 2546 punit«
1887 2506 2035 2545 dixisset,

243 2579 362 2610 Findus
392 2589 463 2609 eum
490 2578 578 2610 simul
607 2587 678 2607 cum
706 2577 805 2607 altero
835 2575 976 2605 vehente
1006 2573 1115 2603 lancea
1143 2571 1314 2602 transfixit.
1366 2570 1489 2601 Findus
1517 2575 1623 2600 autern
1650 2578 1717 2598 rem
1744 2568 1883 2598 carmine
1910 2570 1960 2599 sic
1987 2568 2037 2597 in-
