2247 2865
969 89 1235 121 -382-

207 207 305 239 quum
329 198 362 227 in
388 195 459 235 ipso
486 193 614 235 cingulo
641 192 774 233 sanguis
802 196 876 222 ante
904 190 1015 220 oculos
1042 195 1076 221 et
1102 189 1285 220 testimonio
1311 189 1373 229 sit,
1411 189 1566 230 patruelis
1599 189 1778 220 occisorem
1805 199 1867 220 non
1893 199 1992 230 posse

203 261 344 301 ignotum
370 267 458 288 esse.
508 256 652 287 Similem
680 264 810 286 sensum
837 252 1016 284 Hodsailita
1033 261 1135 282 versu
1153 256 1310 290 sequente
1328 252 1511 291 expressit:
1542 252 1653 290 (metr.
1672 252 1816 292 Thawil)
1843 252 1995 284 Libera

204 333 248 354 es
274 322 491 362 sanguine
518 318 653 350 occisi
686 322 726 347 et
764 317 842 347 iam
879 314 1055 355 cingulo
1091 312 1241 354 (vesti)
1278 313 1367 344 eius
1404 315 1586 356 sanguis
1622 311 1867 357 adhaeret¹).
1920 315 1996 345 Vox

202 381 309 421 oea-‚3
334 382 462 423 proprie
488 390 543 411 res
571 388 666 410 croco
696 378 824 408 multum
863 378 962 408 tincta
989 382 1052 418 est,
1087 382 1154 407 tum
1190 377 1229 406 ob
1255 375 1489 407 similitudinem
1527 376 1642 407 coloris
1679 377 1838 417 sanguine
1865 375 1998 406 multum

204 448 357 479 infectum
384 444 544 485 designat.
596 441 707 472 Verba
734 446 840 471 autem
864 437 978 476 ios-*5⁵
1004 445 1037 470 et
1063 437 1169 469 loma
1195 447 1305 468 casum
1332 439 1551 468 accusativum
1580 438 1756 479 obtinuere,
1784 437 1867 478 quod
1897 438 1998 468 statui

204 509 298 541 vocis
325 505 399 556 )⁸)'7⁵3
437 503 648 536 describendo
689 502 877 532 inserviunt.
928 502 963 530 In
999 500 1110 531 verbis
1149 504 1256 531 autem
1287 496 1371 545 βψω
1398 497 1425 537 3
1451 510 1480 537 ιι.)
1506 499 1596 537 wal
1632 500 1771 530 maxima
1806 499 1998 539 vituperatio

207 571 282 604 mihi
310 579 387 601 esse
412 568 552 608 videtur,
580 566 677 607 quod,
706 565 782 596 licet
808 565 986 595 occisorem
1012 567 1086 593 ante
1114 561 1225 591 oculos
1252 560 1283 590 in
1309 563 1381 600 ipsa
1408 560 1501 591 domo
1528 571 1588 591 sua
1614 562 1771 602 habuerit,
1797 570 1910 592 necem
1937 571 1999 592 non

205 635 293 667 ultus
320 635 374 663 sit.
427 632 475 660 Eo
500 634 620 670 autem,
649 628 733 668 quod
760 628 842 666 eius,
870 627 922 666 qui
949 634 1060 655 necem
1086 623 1201 654 ulcisci
1229 622 1390 662 debuerit,
1418 623 1541 654 domum
1568 624 1681 663 intratj,
1715 634 1752 654 se
1779 625 1882 655 virum
1909 625 2001 665 parvi

205 697 325 727 habere
353 692 515 734 patefacit.
568 691 678 722 Verba
710 689 799 738 ,3249924
827 685 852 722 Α
887 692 961 718 sunt
990 696 1047 728 pro
1075 683 1151 733 ,5335
1179 696 1231 730 σε
1257 684 1346 733 ,)24)924
1372 683 1398 719 2>
1425 682 1530 726 ,oo-Ji,
1573 690 1628 717 »et
1663 686 1798 728 sanguis
1825 697 1844 717 a
1870 687 1999 731 cingulo

206 769 270 791 non
296 759 491 789 recesserat.

208 833 242 863 6.
270 832 311 862 Te
332 832 396 859 iam
418 828 582 857 devenisse
604 825 693 854 video
722 823 874 853 camelum
901 823 991 859 yenti
1022 830 1136 860 aquam
1169 820 1382 857 haurientem,
1418 822 1472 851 cui
1501 821 1634 850 dicitur.-
1657 820 1736 850 Cum
1765 820 1864 850 situla
1884 828 2002 857 magna

943 877 1052 906 recede
1074 879 1104 904 el
1122 873 1282 913 procede!

306 954 479 992 Vituperat
505 950 576 980 eius
604 948 804 988 obsequium,
832 946 916 987 quod
946 945 1062 976 talibus
1089 944 1269 974 hominibus
1301 945 1448 983 praestet
1485 951 1600 982 pacem
1637 953 1710 973 cum
1741 942 1779 972 iis
1814 943 1936 974 faciens
1969 947 2002 973 et

209 1022 246 1048 ut
270 1014 460 1055 obsequium
489 1012 549 1052 ipsi
574 1010 818 1052 ignominiosum
843 1007 1019 1050 significet,
1048 1007 1151 1037 virum
1179 1015 1251 1036 cum
1279 1005 1399 1035 camelo
1427 1014 1540 1044 aquam
1560 1016 1579 1035 e
1595 1011 1692 1046 puteo
1720 1006 1886 1036 hauriente
1912 1014 2003 1036 com-

212 1084 316 1121 parat,
344 1077 460 1118 quippe
489 1074 528 1105 ad
555 1074 652 1104 talem
679 1082 820 1113 operam,
846 1071 878 1100 in
903 1080 965 1110 qua
992 1069 1135 1099 camelus
1163 1078 1182 1098 a
1215 1068 1309 1098 modo
1336 1067 1535 1107 praescripto
1571 1068 1656 1098 nulla
1689 1068 1811 1098 ratione
1848 1067 2004 1098 declinare

209 1146 338 1185 posset,
362 1140 447 1170 viles
475 1137 588 1168 cameli
616 1135 852 1166 adhiberentur.
905 1131 1026 1162 Similis
1054 1131 1250 1170 comparatio
1267 1140 1296 1170 p.
1316 1130 1345 1160 ‘ll'
1359 1140 1391 1159 v.
1413 1130 1444 1160 2.
1474 1130 1643 1160 invenitur.
1673 1130 1791 1160 Verbis
1809 1128 1875 1178 505
1891 1134 1923 1161 et
1935 1128 2003 1168 &gii

209 1205 322 1237 modus
348 1202 516 1237 indicatur,
546 1208 607 1239 quo
634 1198 665 1228 in
694 1195 868 1227 hauriendo
898 1194 995 1225 situla
1014 1203 1132 1235 magua
1147 1197 1202 1223 aut
1214 1193 1245 1222 in
1259 1196 1388 1232 puteum
1403 1192 1579 1223 demittitur
1595 1198 1650 1223 aut
1667 1203 1685 1223 e
1700 1198 1798 1233 puteo
1814 1193 2002 1224 extrahitur.

211 1303 244 1332 7.
267 1300 404 1338 Suscipe
426 1300 461 1328 id
482 1291 696 1338 sneqotimn),
719 1302 793 1322 nam
815 1292 967 1321 honorato
991 1299 1054 1320 non
1077 1292 1227 1325 convenit,
1252 1291 1286 1319 in
1309 1299 1369 1328 quo
1393 1299 1496 1319 sermo
1518 1293 1568 1319 est
1586 1292 1652 1319 viro
1673 1300 1708 1319 se
1729 1290 1921 1319 humilianti.

311 1369 516 1408 vituperium
541 1365 743 1404 relinquens,
782 1362 814 1392 in
850 1371 912 1402 quo
950 1361 1012 1391 iam
1037 1369 1115 1400 spes
1143 1363 1230 1398 erat,
1270 1359 1340 1389 fore
1366 1364 1402 1390 ut
1428 1359 1466 1389 ab
1493 1358 1638 1398 incoepto
1668 1359 1720 1389 ille
1746 1358 1939 1397 desisteret,
1973 1364 2006 1390 et

213 1443 363 1467 sermone
390 1432 505 1462 acerbo
534 1434 567 1459 et
592 1428 734 1468 satyrico
765 1426 895 1457 carmini
922 1425 1018 1455 finem
1047 1424 1214 1463 imponens
1242 1422 1376 1460 suadet,
1411 1425 1446 1452 ut
1480 1421 1575 1452 istam
1609 1422 1727 1463 agendi
1762 1422 1916 1453 rationem
1949 1431 2006 1453 se-

214 1501 339 1538 quatur,
366 1504 450 1536 quae
475 1493 665 1522 honoratum
691 1499 753 1519 non
788 1488 902 1519 deceat
929 1493 963 1518 et
1000 1497 1095 1528 quam
1128 1488 1199 1525 ipse
1238 1485 1403 1515 humilians
1443 1493 1479 1515 se
1515 1484 1675 1524 reprobet.
1726 1484 1793 1515 Sed
1820 1485 2007 1524 posterioris

214 1558 315 1601 partis
341 1556 443 1586 verba
467 1555 532 1585 late
559 1556 690 1593 patent,
728 1556 764 1582 ut
790 1551 829 1581 ab
859 1550 1087 1589 interpretibus
1115 1551 1226 1580 varius
1254 1549 1292 1578 iis
1318 1557 1439 1578 sensus
1466 1548 1603 1578 tributus
1632 1548 1685 1577 sit.
1736 1548 1904 1578 Tebrisius
1932 1547 2007 1578 dicit

215 1618 284 1660 (ι).
307 1612 435 1653 216.)
464 1625 596 1646 sensum
630 1623 721 1646 esse:
762 1612 856 1651 Quod
883 1611 911 1641 si
938 1611 1010 1651 quis
1037 1611 1092 1641 tibi
1119 1611 1204 1651 dicit,
1232 1616 1265 1641 te
1292 1612 1389 1641 vilem
1416 1620 1514 1651 esse,
1555 1610 1641 1641 facto
1676 1615 1732 1641 tuo
1759 1621 1826 1641 rem
1853 1611 2006 1650 probante

214 1690 248 1717 tu
274 1690 394 1724 negare
420 1688 483 1709 nou
509 1681 619 1718 potes3
647 1675 707 1706 sed
733 1674 918 1706 confirmas.
970 1673 1160 1703 Mersukius
1187 1672 1345 1711 triplicem
1371 1672 1542 1702 verborum
1569 1681 1700 1702 sensum
1721 1672 1898 1711 proposuit,
1924 1681 2005 1711 quo-

216 1756 284 1779 rum
310 1752 392 1776 unus
427 1741 478 1772 hic
515 1744 583 1770 est:
624 1737 823 1777 Quamquam
851 1738 1014 1777 negotium
1042 1734 1189 1765 honorati
1216 1743 1277 1764 non
1304 1738 1375 1772 est,
1412 1737 1445 1763 et
1470 1733 1540 1772 ipse
1568 1741 1606 1763 se
1634 1732 1798 1763 liumssians
1825 1742 2006 1764 sermonem

217 1808 340 1841 confert
363 1810 397 1835 et
423 1804 565 1843 disputat
591 1802 759 1842 dubitans,
789 1810 863 1830 num
891 1799 922 1829 id
948 1798 1123 1839 suscipiat,
1162 1797 1243 1827 alter
1276 1805 1393 1827 sensus
1425 1796 1494 1826 hic:
1533 1797 1686 1826 Homines
1713 1795 1752 1825 de
1779 1805 1818 1825 eo
1842 1805 2006 1827 sermones

217 1873 334 1908 terunt,
361 1877 434 1898 num
462 1866 626 1896 humilians
653 1874 691 1894 se
718 1863 748 1894 id
774 1863 944 1903 suscipiat,
971 1862 1084 1892 tertius
1111 1860 1257 1900 denique,
1285 1858 1335 1889 cui
1353 1857 1542 1888 Mersukius
1562 1857 1758 1887 adsentitur:
1786 1867 1823 1887 se
1840 1857 2006 1888 humilians

217 1936 287 1975 ipse
314 1932 352 1962 de
379 1939 418 1960 eo
447 1928 605 1967 loquitur,
645 1927 697 1966 qui
737 1926 769 1957 id
804 1929 929 1967 gratum
964 1924 1081 1965 habet,
1123 1923 1242 1965 agendi
1269 1922 1423 1952 rationem
1449 1929 1512 1949 non
1540 1920 1696 1961 probans,
1732 1919 1884 1959 quomodo
1912 1920 2007 1961 igitur

218 1996 288 2027 fieri
314 1998 435 2035 potest,
461 1996 496 2023 ut
522 1990 668 2021 honorati
694 1988 856 2031 negotium
881 1984 952 2017 sit?

1062 2079 1185 2114 CLI.

966 2135 1107 2168 Idem
1129 2133 1267 2168 dixit.

219 2213 249 2243 1.
272 2211 359 2242 Num
382 2210 512 2238 lanceae
532 2207 566 2235 in
587 2205 731 2234 manibus
753 2204 855 2233 hostis
877 2205 980 2233 nostri
999 2205 1090 2233 acuis
1112 2207 1142 2233 et
1163 2204 1303 2238 lanceas,
1327 2202 1441 2242 quibus
1463 2204 1587 2232 resistis
1610 2199 1842 2243 (resistimus),
1864 2201 1970 2231 sinis?

321 2279 435 2310 Virum
461 2276 624 2314 vituperat
649 2273 796 2303 hostibus
823 2282 956 2303 suorum
983 2272 1135 2303 auxilium
1162 2272 1326 2313 ferentem,
1353 2271 1427 2302 dum
1454 2281 1532 2303 suos
1559 2271 1713 2310 relinquit.
1767 2271 1847 2301 Cum
1873 2270 1926 2300 tali
1939 2276 2009 2300 eum

223 2341 376 2382 contulit,
411 2341 484 2380 qui,
519 2337 591 2367 dum
626 2336 757 2365 lanceas
791 2334 932 2365 hostium
968 2336 1075 2377 acuit,
1111 2343 1241 2364 suorum
1276 2333 1407 2363 lanceas
1441 2333 1587 2374 negligit.
1645 2333 1732 2362 Inter
1764 2341 1852 2362 arma
1883 2331 2010 2361 lanceas

224 2405 344 2446 elegit,
381 2403 456 2443 quia
482 2400 642 2431 Arabibus
670 2407 757 2427 arma
783 2402 858 2428 sunt
867 2420 878 2439 7
915 2397 1029 2437 quibus
1056 2402 1090 2428 et
1114 2397 1254 2427 maxime
1280 2400 1433 2434 utuntur,
1470 2401 1503 2425 et
1529 2395 1640 2435 quibus
1670 2393 1816 2424 hostibus
1842 2394 2010 2423 maximum

224 2467 372 2497 damnum
398 2464 547 2494 inferunt.
599 2460 874 2500 Praepositionem
899 2471 934 2497 ι-,ι
962 2460 993 2490 in
1020 2469 1103 2490 voce
1129 2453 1233 2499 ,52)2414
1260 2468 1302 2489 ex
1330 2458 1489 2489 adiectivo
1509 2459 1621 2502 &jum-a
1647 2460 1702 2486 aut
1726 2453 1835 2483 iamt>
1860 2454 2010 2495 pendere,

240 2571 274 2604 1)
293 2571 464 2596 Vocabulum
473 2561 529 2613 )l)·i
548 2567 656 2600 generis
674 2565 822 2592 communis
840 2567 889 2591 est.
926 2565 1018 2590 Verba
1034 2556 1104 2609 >b‘3i
1119 2558 1221 2598 &⁴2:³3²ss
1241 2550 1294 2593 ᾇ»)
1311 2556 1411 2593 ωλι
1430 2564 1494 2587 sunt
1511 2568 1560 2593 pro
1572 2549 1646 2604 jijffi
1663 2551 1764 2593 „iau-231
1785 2537 1844 2587 λι.)
1865 2551 1960 2585 uite.
