2247 2865
967 88 1136 126 -,—434
1191 106 1233 111 —

207 193 315 235 attigi3
343 192 392 222 sin
420 201 472 221 res
500 200 561 220 non
584 199 629 229 es,
657 190 727 220 sine
746 199 829 219 noxa
848 194 879 218 te
897 188 1011 218 dimisi.
1065 188 1239 219 Cliasimus
1267 191 1373 218 aut-em
1401 187 1430 217 in
1458 187 1570 217 faciem
1599 186 1758 226 proiectus
1785 187 1815 217 in
1842 188 1895 218 via
1922 198 1993 219 eum

207 255 430 295 exspectabat.
481 255 559 284 'rum
587 253 707 283 Asidus
735 253 764 282 b.
792 252 900 291 Djabir
926 251 1021 281 dixit:
1051 251 1077 282 Ο
1096 246 1266 282 Chasime!
1295 250 1377 280 educ
1395 245 1554 292 gladium!
1583 249 1650 280 Sed
1669 249 1846 279 Schanfara
1871 250 1995 280 dicens:

207 321 242 351 Si
259 321 302 350 ita
315 324 378 357 est,
394 329 455 349 nou
469 313 636 358 percutis?
663 318 833 356 evaginato
849 315 955 356 gladio
984 315 1064 345 duos
1082 314 1222 344 Chasimi
1242 314 1360 354 digitos
1387 314 1572 352 amputavit.
1602 312 1775 343 Chasimus
1797 316 1902 341 autem
1922 322 1994 343 eum

207 382 319 423 tenuit,
339 381 440 411 donec
465 380 556 410 ambo
584 379 625 409 illi
653 378 852 408 advenirent.
880 378 1061 407 Trahentes
1090 386 1159 406 eum
1187 376 1284 406 armis
1311 376 1484 417 priyarunt.
1537 375 1688 406 Chasimo
1716 376 1746 405 in
1774 379 1888 405 terram
1917 384 1994 414 pro—

207 446 308 472 strato
325 441 407 472 filius
434 441 541 471 fratris
568 440 882 470 AsidiSchanfaram
910 439 1043 469 firmiter
1070 438 1209 468 tenebat.
1238 437 1353 466 Parum
1380 441 1486 466 autem
1512 436 1622 476 abfuit,
1648 436 1722 476 quin
1749 445 1857 465 errore
1873 435 1996 465 Asidus

207 505 321 544 pedem
345 504 398 533 filii
425 504 532 533 fratris
561 503 611 533 sui
638 502 894 543 constringeret,
933 502 991 531 nisi
1026 501 1106 531 alter
1141 509 1230 530 suum
1267 508 1343 528 esse
1370 498 1484 538 pedem
1510 498 1656 528 dixisset.
1710 499 1737 527 Α
1765 502 1862 537 capto
1890 503 1994 527 autem

207 567 403 604 Schanfara,
430 575 523 605 quem
550 565 590 595 ad
616 570 745 606 gentem
773 573 862 594 suam
888 563 1118 602 adduxissent,
1147 561 1370 601 postularunt,
1397 565 1430 590 ut
1457 569 1576 596 versus
1605 560 1762 589 recitaret.
1817 559 1998 589 Schanfara

207 634 313 659 autem
340 628 574 668 postulantibus
605 627 786 668 respondit:
819 627 955 657 »Poesis
981 626 1105 656 nonnisi
1131 634 1182 655 res
1210 624 1351 654 laetitiae
1378 627 1470 662 est‚«
1514 632 1599 661 quae
1634 622 1733 652 verba
1767 622 1795 650 in
1834 621 1995 660 proverbii

207 690 468 721 cousuetudinem
494 695 653 720 venerunt
679 687 805 733 (conf.
834 689 973 719 Meidan.
1000 689 1038 718 Τ.
1065 689 1119 718 ΙΙΙ.
1147 687 1182 717 Ρ.
1208 687 1237 717 1.
1265 687 1328 716 No.
1349 682 1483 727 3053).
1537 685 1735 715 Schanfarae
1763 691 1871 716 autem
1900 695 1996 725 quum

207 763 276 784 mos
301 753 430 792 fuisset,
458 757 492 782 ut
518 755 772 792 quotiescunque
801 751 904 780 virum
932 759 948 780 e
975 754 1073 791 gente
1100 749 1252 780 Salamah
1280 749 1503 787 conspiceret,
1540 748 1666 778 oculum
1693 749 1759 778 eius
1787 749 1909 790 sagitta
1938 758 1998 788 pe-

207 819 298 856 teret,
327 815 378 845 illa
403 814 483 844 idem
510 824 634 854 quoque
661 814 692 843 iu
718 823 756 843 eo
783 813 868 851 fecit,
896 812 966 842 dum
994 812 1150 842 Salamita
1175 812 1305 841 verbum
1329 808 1436 854 65]ἐοῖ
1467 811 1611 840 »oculum
1640 815 1728 840 tuum
1758 816 1905 850 petam‚«
1936 819 1998 849 quo

206 880 307 909 verbo
334 879 511 909 Schanfara
537 887 616 908 usus
645 882 725 919 erat,
753 876 945 916 proferebat.
981 876 1060 906 Tum
1086 884 1208 905 manum
1229 874 1298 903 eius
1318 878 1540 913 resecuerunt,
1570 878 1605 902 ut
1626 877 1788 902 tremeret.
1818 872 2000 902 Schansara

208 943 295 981 (eam
322 947 482 971 resectam
511 940 643 980 videns)
671 940 766 970 dixit:
798 940 907 977 (metr.
936 937 1050 977 Sarih)
1066 935 1091 980 ¹)
1118 937 1177 966 Ne
1205 939 1369 965 remota
1395 933 1477 964 sis!
1505 934 1578 964 sed
1604 935 1640 963 in
1667 934 1894 963 sinistrum
1925 933 1999 972 (in-

208 1005 413 1043 faustum)
441 1004 602 1034 abiisti.
655 1002 761 1040 Quot
790 1007 927 1031 autem
953 1001 989 1030 in
1017 999 1132 1029 valle
1165 999 1377 1028 columbas
1416 997 1606 1039 fugavit,
1646 999 1819 1037 quoties
1858 998 1894 1027 in
1933 997 1999 1027 de-

207 1072 325 1097 serto
353 1066 571 1106 pulverem
600 1064 787 1105 diffidit,
816 1064 992 1104 quoties
1020 1063 1268 1093 adversarii
1296 1072 1398 1092 ossa
1426 1062 1657 1092 dissecuit.
1701 1060 1916 1102 Rogantibus‚
1948 1060 1999 1090 ubi

209 1140 280 1161 eum
307 1129 491 1170 sepelirent,
521 1128 629 1158 verbis
657 1128 824 1158 carminis:
853 1128 912 1157 Ne
939 1136 996 1157 me
1021 1126 1260 1166 sepeliatis
1287 1131 1366 1156 etc.
1393 1123 1440 1169 (p.
1469 1122 1530 1167 νῆ’)
1557 1124 1733 1165 respondit.

995 1221 1209 1255 CLXV!-

727 1287 868 1321 Dixit
890 1287 1477 1322 Taabbatna-Scharran.

308 1364 407 1394 Poeta
434 1368 508 1393 ante
535 1360 771 1391 Mohammedis
801 1365 928 1399 tempus
956 1360 1071 1389 vivens
1099 1358 1469 1389 'Paabbatha—Scharran
1507 1366 1684 1398 cognomen
1713 1356 1849 1386 habebat
1876 1355 1997 1393 (conf.

209 1429 302 1458 Ham.
329 1437 358 1467 p.
379 1428 442 1463 W]
460 1430 491 1455 et
509 1435 623 1454 nomeu
651 1424 772 1453 Tsabet
800 1424 828 1453 b.
861 1422 978 1462 Djabir.
1032 1423 1058 1452 Ε
1086 1428 1184 1463 gente
1202 1423 1301 1452 Fahm
1324 1422 1476 1452 oriundus
1495 1426 1571 1451 erat.
1625 1420 1752 1452 Gentes
1774 1423 1877 1449 autem
1899 1418 1999 1447 Falim

209 1496 242 1520 et
270 1490 420 1520 Ahdwan
448 1489 566 1518 fratres
594 1490 692 1516 erant.
745 1486 908 1515 versuum
936 1494 1069 1515 causam
1095 1484 1177 1514 hanc
1202 1485 1304 1514 fuisse
1331 1485 1468 1515 tradunt.
1524 1482 1625 1513 Poeta
1652 1493 1670 1512 a
1698 1482 1828 1512 muliere
1856 1491 1874 1511 e
1900 1486 1998 1522 gente

209 1552 300 1582 Ahbs
327 1551 459 1581 oriunda
486 1556 519 1580 et
546 1549 585 1579 ad
601 1549 747 1578 familiam
765 1547 972 1577 Banu-Karib
1000 1547 1188 1587 pertinente,
1216 1557 1306 1586 quam
1332 1548 1362 1577 in
1391 1548 1616 1583 matrimonium
1638 1547 1786 1585 petierat,
1808 1545 1998 1584 promissum

210 1616 352 1645 obtinuit.
406 1614 485 1643 Post
514 1618 618 1642 autem
645 1620 739 1650 quum
768 1611 835 1640 eius
863 1610 1060 1653 voluntatem
1101 1619 1119 1639 a
1157 1620 1194 1639 se
1234 1609 1401 1639 alienatam
1440 1609 1598 1638 inveniret
1637 1613 1668 1637 et
1704 1617 1856 1646 quaenam
1897 1615 1998 1636 causa

210 1677 409 1709 alienationis
437 1680 539 1709 esset.v
567 1674 791 1714 interrogaret.
821 1683 859 1702 ea
886 1673 1066 1712 respondit:
1095 1673 1156 1702 Per
1183 1667 1303 1702 Deum!
1331 1672 1492 1702 Nobilitas
1521 1671 1683 1710 praeclara
1703 1675 1774 1709 est;
1801 1669 1860 1699 sed
1882 1669 1998 1698 familia

210 1750 280 1770 mea
308 1739 379 1769 milii
394 1738 488 1767 dixit:
518 1735 695 1773 Quamnam
710 1735 877 1765 utilitatem
895 1745 912 1764 e
926 1736 996 1764 viro
1016 1738 1139 1774 capies,
1170 1736 1221 1774 qui
1238 1735 1267 1764 in
1286 1735 1406 1774 proelio
1425 1733 1604 1773 occidetur,
1631 1738 1664 1762 ut
1686 1731 1782 1761 vidua
1803 1739 1969 1761 remaneas
1981 1727 1998 1758 ’ἒ

210 1803 274 1833 Illis
302 1801 409 1831 verbis
437 1799 554 1829 auditis
584 1808 654 1828 eam
681 1798 805 1837 reliquit
832 1807 948 1827 versus
977 1797 1077 1828 hosce
1104 1797 1221 1827 dicens.

210 1902 237 1930 1.
263 1900 308 1929 Ei
327 1899 498 1927 dia-erunt.-
521 1896 571 1924 Ne
593 1897 622 1924 ei
644 1894 782 1924 nubens!
801 1905 873 1923 nam
895 1897 1016 1932 primae
1038 1896 1163 1932 cuspidi
1184 1898 1240 1929 est,
1266 1895 1391 1932 qnando
1414 1895 1446 1921 in
1468 1886 1608 1930 puqriam
1632 1892 1750 1920 incidit.

212 1966 281 2011 (ῃ.
306 1966 434 2007 215,)
487 1964 603 1994 Versui
630 1966 681 2003 iis,
709 1973 788 2002 quae
816 1969 908 1994 antea
933 1964 1035 2001 retuli,
1061 1964 1114 1994 lux
1142 1963 1292 1994 adfertur.
1346 1962 1550 1993 Constructio
1579 1962 1749 1991 verborum
1776 1957 1846 1997 „322
1864 1959 1902 2004 0⁸
1935 1958 1998 1988 dif-

211 2027 353 2056 ficultate
380 2036 442 2056 non
470 2035 582 2056 carens
609 2027 639 2056 in
667 2035 763 2056 eausa
793 2031 873 2063 erat,
902 2036 959 2056 cur
987 2027 1180 2065 interpretes
1208 2026 1237 2054 in
1265 2026 1372 2055 varias
1401 2025 1580 2054 sententias
1608 2024 1742 2053 abirent.
1807 2022 1870 2052 Alii
1898 2022 1999 2051 verba

210 2090 346 2120 subiecti
371 2089 474 2118 locum
502 2088 650 2128 (ιὶιλλμ)
678 2094 789 2118 tenere
816 2088 936 2128 dicunt>
964 2089 1052 2117 cuius
1079 2086 1290 2126 praedicatum
1318 2086 1348 2115 in
1377 2086 1484 2115 verbis
1511 2085 1582 2123 διώ
1608 2083 1666 2124 ὼὸ
1693 2086 1747 2124 sit,
1779 2088 1813 2113 ut
1839 2083 1999 2113 sententia

211 2150 386 2191 praedicati
412 2150 484 2180 loco
505 2151 595 2180 vocis
621 2149 659 2195 Ui
689 2150 729 2179 sit
756 2149 774 2180 i.
802 2159 830 2179 e.
860 2149 943 2188 quod
969 2147 1394 2179 'l'aabbatlia-Soharranum
1419 2147 1548 2189 adtinet,
1576 2147 1644 2177 eius
1663 2155 1821 2176 occursus
1842 2149 1893 2175 est
1918 2155 1998 2175 con-

210 2214 327 2243 iunctio
355 2222 426 2243 cum
454 2214 552 2251 prima
578 2213 711 2253 sagitta,
737 2221 818 2251 quae
846 2211 1044 2250 expromitur
1069 2207 1103 2254 (e
1133 2206 1320 2251 pliai·etra);
1347 2209 1397 2238 alii
1423 2208 1628 2248 contendunt,
1657 2208 1755 2237 verba
1775 2204 1845 2244 gbl-i
1873 2205 1911 2251 Oi
1930 2207 1997 2236 loco

211 2274 401 2304 Accusativi
428 2283 504 2303 esse
533 2278 683 2312 tanquam
711 2273 858 2312 apposito
887 2273 1093 2302 inservientis
1121 2271 1239 2302 suffixo
1268 2270 1297 2299 in
1330 2280 1411 2299 voce
1437 2269 1495 2307 adl,
1535 2270 1627 2309 quasi
1660 2269 1794 2301 diceret:
1833 2266 1932 2297 ⁸513&-
1958 2267 1998 2312 υἱ

210 2338 281 2375 3025
299 2332 356 2376 593
376 2334 466 2372 Lao-5*
496 2336 594 2366 »Eius
624 2344 779 2365 occursus
807 2340 859 2365 est
887 2336 1067 2365 coniunctio
1094 2334 1213 2373 primae
1242 2334 1414 2373 sagittae«.
1468 2331 1624 2361 Suffixum
1653 2333 1683 2361 iu
1711 2341 1791 2361 voce
1808 2325 1859 2359 adis
1886 2323 1998 2359 referri

230 2430 258 2458 1)
277 2431 375 2465 Beatus
394 2430 424 2452 de
442 2430 549 2458 Sacyus
568 2427 712 2458 exemplari
730 2434 780 2451 suo
792 2426 935 2456 adscripsit
951 2427 1034 2449 verba
1051 2423 1140 2468 0543,
1161 2418 1281 2458 wlsi-3,
1300 2419 1404 2453 gysla-25
1423 2425 1449 2448 in
1466 2425 1584 2448 secunda
1602 2424 1720 2448 seminini
1740 2428 1857 2453 persona
1876 2427 1998 2451 pronun-

278 2480 375 2504 cianda
402 2487 478 2511 esse,
505 2484 531 2504 et·
551 2483 655 2509 poetam
674 2486 780 2503 manum
798 2485 874 2503 suam
892 2477 1004 2508 alloqui.
1041 2478 1155 2500 Meti-um
1183 2477 1322 2500 Mousarih
1347 2483 1418 2505 esse3
1436 2477 1483 2499 sed
1507 2475 1613 2499 nonnisi
1636 2475 1711 2498 initio
1735 2479 1839 2497 manum
1861 2473 1999 2496 allocutus

279 2535 326 2554 est.
372 2531 469 2554 Verbis
497 2529 580 2562 0⁸²2-ss
605 2523 624 2552 ὅ
644 2530 668 2552 in
694 2530 812 2553 deflendo
838 2531 944 2553 mortuo
971 2530 1083 2550 utuntur
1110 2526 1213 2556 (conf.
1240 2528 1315 2551 Ham.
1331 2526 1364 2557 ἰ).
1383 2520 1430 2551 ΫἿῚ
1451 2533 1476 2549 v.
1495 2527 1546 2556 5.).
1588 2526 1695 2548 Manum
1720 2526 1849 2547 resectam
1869 2526 1996 2552 tanquam

280 2584 409 2604 moi-tunm
430 2588 570 2610 personam
591 2580 722 2609 deplorat.
