2247 2865
923 99 1190 130 -195-

985 243 1128 278 Lul-

430 324 687 361 cabsel-an
711 331 852 357 son-on·
873 321 1084 357 Ahmrul
1108 323 1155 356 b·
1177 322 1526 357 Blandi-carn»
1549 323 1685 358 dixit.

240 411 320 443 Vide
349 409 540 441 Meidunium
566 409 594 437 in
623 407 802 447 appendice.
847 408 973 438 vorsus
993 407 1086 446 paulo
1101 410 1173 435 ante
1190 406 1349 446 tstannnn,
1377 412 1543 445 antequam
1574 408 1622 437 vir
1650 408 1943 441 Motiammedanum

168 484 205 504 se
235 473 403 504 consessus
431 476 519 505 erat,
548 470 599 499 vel
628 470 715 499 initio
751 470 818 500 cius
847 470 1014 509 compositi
1042 469 1200 500 videntur.
1264 469 1390 498 Nomen
1428 469 1603 501 derivatum
1633 480 1693 500 non
1728 481 1799 502 esse
1834 483 1875 504 ex
1907 484 1945 504 eo

169 535 403 577 cognoscimus,
431 532 511 572 quod
539 542 603 562 vox
632 532 717 574 ὡς
748 533 868 571 (aries)
902 532 1083 562 femininum
1118 531 1235 561 habere
1272 541 1331 560 non
1366 532 1478 571 possit.
1531 532 1618 563 Raro
1655 537 1773 564 tantum
1811 545 1829 565 a
1865 545 1945 567 voce

167 602 239 645 Ρ)
279 598 364 636 (vir)
406 606 471 626 vox
508 595 585 641 Rl,>)
623 596 775 635 (semina)
812 596 980 634 formatur,
1020 601 1053 625 ut
1089 597 1119 625 in
1153 605 1250 625 versu
1286 600 1400 634 poetae
1436 596 1544 633 (metr.
1575 598 1682 627 Madid
1709 598 1746 628 C.
1775 609 1806 639 p.
1837 600 1944 641 tsi.)

168 662 294 693 Sinus
330 660 559 700 puellarum
586 660 849 699 lacerarunt,
877 658 1065 689 seminam
1092 657 1385 688 inviolabilem
1412 667 1509 688 esse
1537 668 1611 689 non
1638 668 1844 694 curarunt.

167 771 194 800 1.
217 769 482 808 Ahhd-Allahus,
506 779 601 808 quum
623 770 689 798 dies
710 771 819 798 mortis
843 769 1029 804 advenisset,
1054 769 1098 797 ad
1114 772 1238 805 yenlem
1260 778 1351 798 suam
1373 771 1474 798 misit:
1507 770 1557 799 Νε
1580 772 1682 799 caedis
1706 782 1791 802 meae
1810 777 1945 810 prelium

923 823 961 851 ab
982 824 1022 851 iis
1042 823 1193 861 accipite!

266 895 394 925 poetria
421 894 460 924 ad
489 893 659 923 vindictam
688 894 866 922 excitatura
893 892 1075 922 morientem
1103 893 1242 923 nuntium
1268 893 1398 923 misisse
1435 893 1473 924 ad
1511 899 1640 935 gentem
1678 895 1789 937 fingit,
1818 900 1880 940 qui,
1908 910 1947 930 ne

168 956 277 987 caedis
305 957 441 996 pretium
467 956 647 996 acciperet,
674 955 865 985 hortaretur.
918 955 984 984 lste
1012 954 1429 995 Ahbd-Allahuspoetriae
1448 956 1546 987 frater
1574 962 1651 988 erat.
1679 960 1946 1000 Abu-Rijasclius

167 1018 256 1056 dixit,
282 1028 425 1048 sororem
453 1018 581 1048 fratrem
609 1018 782 1048 Ahmruum
810 1018 944 1058 eiusque
971 1021 1099 1057 gentem
1118 1022 1226 1047 contra
1244 1023 1372 1058 gentem
1390 1019 1621 1058 Banu-Mamm
1649 1030 1729 1060 quae
1750 1032 1823 1061 pars
1840 1026 1947 1064 gentis

167 1081 398 1111 Banu-Sobaid
423 1084 523 1122 esset,
556 1081 749 1121 instigasse,
786 1089 867 1119 quae
894 1080 1021 1110 fratrem
1049 1079 1313 1110 Ahbd-Allalium
1348 1081 1526 1112 occidisset.
1592 1083 1736 1115 Fratrem
1775 1086 1947 1118 Alimruum

166 1144 258 1174 hisce
286 1144 434 1174 versibus
461 1148 651 1174 commotum
679 1144 793 1173 multos
820 1152 957 1172 necasse
984 1143 1032 1181 (in
1049 1145 1190 1183 margine
1205 1144 1390 1183 Mersukii).
1418 1144 1565 1175 Scholion
1583 1155 1694 1176 vocem
1710 1153 1784 1193 σή.)
1804 1154 1948 1188 tanquam

168 1207 322 1237 obiectum
351 1207 440 1237 verbi
465 1206 564 1239 0192:
591 1214 646 1245 pro
674 1215 735 1246 eo,
772 1205 862 1235 cuius
890 1204 1006 1235 caedes
1037 1205 1193 1245 expianda
1220 1211 1330 1244 esset,
1367 1215 1461 1236 sensu
1491 1208 1576 1237 claro
1604 1208 1719 1239 dietam
1747 1219 1823 1240 esse
1848 1216 1946 1250 putat.

169 1270 203 1299 ln
230 1270 387 1299 Mersukii
414 1269 524 1299 codice
552 1269 622 1298 loco
651 1269 740 1298 vocis
767 1264 868 1308 &fis-ll
896 1268 946 1297 lin.
975 1266 996 1297 3
1023 1267 1141 1309 legitur
1167 1265 1279 1309 &3252st
1346 1269 1537 1309 Djeuharius
1565 1280 1694 1300 versum
1722 1277 1862 1302 nostrum
1889 1273 1948 1303 ad-

168 1329 275 1360 ferens
301 1329 468 1359 verborum
506 1338 637 1359 sensum
674 1338 749 1359 csse
777 1329 852 1359 dicit
881 1330 1036 1360 »alicuius
1063 1331 1240 1371 commodo,
1267 1332 1369 1370 pretio
1398 1337 1543 1374 acceptos,
1570 1334 1738 1364 vindictam
1767 1338 1945 1366 omittere.«

169 1439 202 1469 2.
224 1438 275 1468 Ne
298 1438 430 1467 camelos
449 1448 565 1476 parvos
588 1440 796 1476 iuvencos-que
818 1439 856 1467 ab
878 1440 917 1467 iis
940 1441 1087 1476 accipite,
1119 1443 1155 1468 ut
1180 1442 1212 1469 in
1241 1442 1328 1470 domo
1358 1442 1491 1470 obscura
1513 1445 1544 1471 in
1567 1446 1693 1481 reqione
1717 1440 1787 1486 (Ι).
1812 1442 1947 1487 107.)

892 1493 1027 1521 Zalnlule
1051 1494 1235 1532 relinquar!

169 1559 202 1588 3.
223 1558 269 1588 Et
289 1561 358 1587 sine
380 1558 570 1593 Ahmruum,
594 1567 667 1586 nam
692 1557 856 1587 Altmruus
878 1569 989 1596 pacem
1010 1560 1085 1588 vult.
1109 1560 1224 1589 Λόηηε
1246 1560 1385 1590 ΑΙιηιι-ιιί
1406 1565 1511 1590 venter
1534 1563 1596 1592 cibo
1618 1564 1776 1597 spithoma
1798 1565 1868 1594 est?

170 1620 185 1675 ὲ
267 1628 412 1657 Pluribus
440 1628 535 1657 rebus
562 1627 600 1657 ad
614 1627 786 1657 vindictam
813 1628 942 1658 incitare
969 1629 1088 1660 studet.
1142 1629 1264 1659 Cameli
1291 1639 1382 1669 quum
1410 1632 1501 1670 parvi
1527 1633 1676 1662 momenti
1703 1635 1792 1674 sint,
1825 1634 1863 1664 iis
1891 1644 1948 1665 ac-

169 1691 272 1729 ceptis
299 1690 394 1720 occisi
419 1690 599 1728 sepulcrum
626 1690 795 1720 obscurum
821 1691 960 1720 manebit
986 1691 1088 1720 conf.
1118 1692 1211 1721 Ham.
1241 1695 1276 1721 t·v
1295 1701 1326 1721 v.
1345 1692 1373 1721 1.
1392 1697 1424 1722 et
1446 1693 1597 1723 esurienti
1615 1694 1753 1725 Ahmruo
1776 1697 1888 1726 cameli
1910 1697 1950 1727 ad

168 1751 345 1782 satiandum
372 1761 516 1791 opusnon
535 1756 618 1789 sunt,
637 1752 751 1791 quippe
772 1753 820 1782 eui
845 1762 955 1792 parum
982 1753 1042 1783 cibi
1069 1753 1215 1783 sufficiat.
1244 1754 1416 1784 Parvorum
1444 1760 1549 1785 alitem
1577 1756 1766 1786 camelorum
1794 1757 1949 1789 iuvenco-

169 1824 310 1856 rumque,
339 1816 388 1854 qui
416 1816 517 1855 pretio
543 1816 710 1856 sanguinis
738 1825 799 1844 non
829 1815 942 1845 dantur
969 1815 1095 1854 (conf.
1123 1816 1249 1845 Sohair.
1279 1816 1386 1845 Moalt.
1414 1826 1445 1845 v.
1475 1815 1571 1856 25),
1609 1818 1732 1847 nonnisi
1760 1820 1948 1850 mentionem

170 1878 259 1910 fecit,
279 1883 313 1907 ut
328 1880 463 1917 pretium
483 1877 589 1907 caedis
608 1877 638 1906 in
653 1877 841 1916 despectum
852 1877 978 1907 veniret
992 1874 1116 1920 (conf.
1133 1887 1161 1916 p.
1184 1877 1250 1907 192
1265 1875 1366 1919 v.-1.).
1396 1879 1550 1908 Litteram
1565 1896 1582 1918 >
1607 1879 1742 1910 futurum
1767 1882 1944 1913 Nasbatum

171 1939 327 1980 sequitur,
357 1938 438 1977 quod
466 1939 592 1978 phrasis
622 1947 823 1977 consequens
840 1938 998 1969 interdicti
1014 1945 1076 1978 est,
1104 1944 1138 1969 ut
1157 1940 1262 1970 littera
1281 1941 1382 1970 locum
1397 1942 1486 1971 vocis
1501 1938 1539 1985 Οἵ
1556 1948 1699 1980 occupet.
1737 1943 1949 1983 Sepulchrum

173 2006 318 2041 tanquam
345 2000 455 2030 rnortui
481 2000 693 2030 habitaculum
721 2000 845 2030 domum
873 2001 1056 2040 appellavit.
1084 2001 1219 2031 Zalidah
1247 2006 1298 2031 est
1317 2002 1405 2031 locus
1427 2003 1456 2031 iu
1476 2006 1559 2032 terra
1578 2003 1693 2041 lemen,
1722 2005 1804 2034 unde
1832 2006 1947 2036 fratres

173 2062 294 2093 oriundi
322 2067 424 2099 erant,
452 2071 492 2091 ex
518 2071 579 2101 quo
606 2061 686 2102 loeo,
714 2065 743 2092 ni
771 2062 873 2103 sanor,
901 2064 1065 2102 provincia
1092 2062 1231 2103 (2923)
1259 2074 1371 2093 nomen
1399 2065 1519 2103 accepit
1548 2065 1671 2103 (conf.
1702 2067 1807 2097 Abulf.
1825 2067 1946 2110 Geogr.

174 2133 203 2164 p.
231 2123 292 2163 51²).
319 2123 507 2153 Provinciae
531 2123 654 2163 Hidjasi
681 2123 791 2153 incolis
819 2122 932 2171 vilja,
959 2125 1077 2164 Nedjdi
1104 2126 1215 2155 incolis
1241 2122 1342 2175 &leka
1368 2127 1619 2165 appellabantur.
1649 2128 1764 2158 Verbis
1791 2127 1868 2159 exa:
1894 2136 1948 2179 ὃ),

172 2194 291 2216 sensus
317 2184 462 2215 tribuitur
491 2185 791 2225 ›iadversare‹=;
820 2187 878 2216 sed
905 2187 978 2216 mihi
1012 2188 1118 2226 potius
1145 2198 1263 2217 sensus
1292 2193 1358 2218 est:
1386 2190 1437 2218 Ne
1464 2198 1533 2218 cum
1563 2190 1706 2219 Ahmruo
1735 2191 1786 2220 tibi
1814 2201 1866 2221 res
1892 2192 1944 2229 sit,

173 2257 242 2278 nam
269 2251 330 2278 etc.
376 2247 440 2277 Vix
467 2251 568 2278 autem
595 2247 797 2288 credendum,
823 2249 1001 2278 Ahmruum
1028 2249 1067 2278 ad
1090 2258 1200 2288 pacem
1228 2250 1416 2289 inclinasse3
1444 2253 1567 2290 poetria
1595 2261 1665 2282 eum
1693 2253 1787 2282 talem
1815 2253 1948 2294 simulat,

174 2315 208 2341 ut
235 2310 274 2340 ad
300 2309 470 2340 vindictam
496 2309 644 2339 celeriter
669 2310 867 2348 sumendam,
894 2320 954 2350 qua
980 2311 1060 2341 falsa
1078 2312 1219 2351 suspicio
1246 2312 1384 2354 tollatur,
1413 2317 1554 2352 paratum
1575 2323 1613 2343 se
1628 2315 1788 2353 praebeat.
1817 2315 1948 2345 Ventris

174 2378 280 2403 autem
308 2372 428 2409 locum,
463 2372 515 2410 qui
548 2371 618 2401 cibo
644 2373 832 2411 excipiendo
869 2378 962 2413 aptus
999 2374 1057 2414 sit,
1095 2374 1217 2403 nonnisi
1252 2375 1428 2413 spithamae
1458 2375 1704 2416 magnitudinem
1731 2375 1847 2406 habere
1873 2378 1894 2410 i.
1921 2387 1947 2407 e.

175 2443 307 2472 parvum
334 2443 410 2464 esse
437 2433 524 2474 dicit,
554 2437 587 2463 ut
613 2442 721 2472 parum
748 2435 808 2464 eibi
833 2435 984 2465 sufficere
1007 2435 1133 2466 indicet.
1178 2436 1320 2466 Eandem
1346 2446 1472 2477 quoque
1497 2438 1620 2466 ventris
1649 2436 1891 2477 descriptionem
1919 2441 1948 2470 in

175 2495 280 2525 verbis
308 2495 476 2526 traditione
502 2495 541 2526 ad
568 2504 627 2525 nos
654 2494 769 2526 delatis
795 2495 985 2528 invenimus.
1016 2497 1181 2527 »Hominis
1209 2502 1323 2528 venter
1349 2498 1513 2529 latitudine
1541 2503 1574 2528 et
1600 2498 1796 2538 longitudine
1823 2501 1947 2540 spitha-

175 2566 257 2587 mam
284 2561 416 2597 aequat«
446 2557 551 2589 conf.
577 2558 681 2588 Harir.
709 2556 756 2587 ἡ·
786 2557 816 2587 1.
844 2557 865 2586 5
891 2557 993 2588 schol.
