2247 2865
965 81 1235 111 —487—

200 187 316 222 poetae
345 182 454 221 (metr.
483 182 610 221 Camet)
638 183 816 221 Tempus
844 181 974 220 prima
1003 183 1102 210 vice
1130 180 1235 210 bibit
1262 185 1301 210 ct
1331 184 1412 209 tum
1441 179 1581 209 altera
1610 182 1703 209 vice
1731 180 1832 210 haud
1862 190 1997 220 parum

200 246 445 286 accipiens,
473 255 566 285 quum
598 250 725 284 tempus
755 254 789 274 re
818 253 894 273 vera
923 253 1025 282 neque
1054 254 1112 274 una
1142 244 1215 272 vice
1243 252 1343 282 ncque
1371 242 1472 272 altera
1502 242 1585 271 bibat
1614 248 1667 272 aut
1694 249 1819 281 poetam
1839 243 1995 272 dicturum

200 307 316 344 fuisse,
340 307 481 339 lanceam
510 318 571 338 una
599 309 668 338 vice
697 308 726 338 in
755 317 816 337 titio
844 309 962 346 equite,
993 308 1092 336 alteru
1121 307 1192 336 vice
1221 308 1249 336 iu
1268 306 1368 336 altero
1391 306 1500 345 rigari,
1530 315 1626 345 quum
1645 305 1754 335 lancea
1777 304 1845 343 (p-
1869 301 1998 342 2763.)

199 376 337 401 artuatus
363 371 476 401 codem
503 380 603 411 paene
632 375 790 400 momento
818 370 925 410 plures
953 370 1125 399 confodere
1152 371 1264 408 possit.
1292 369 1432 398 'l'crtium
1461 376 1589 408 quoque
1615 366 1718 396 datur.
1748 367 1858 396 vti-um
1887 367 1998 396 lancea

199 438 354 463 armatum
381 444 474 464 uuum
505 434 704 473 eundemque
732 434 888 472 equitem,
929 443 1020 473 quum
1059 433 1158 472 prima
1196 432 1266 461 vice
1306 431 1445 460 occisum
1483 440 1543 459 nou
1573 430 1759 469 putaverit.
1797 429 1898 458 altera
1926 431 1999 458 vice

200 494 393 524 confodisse..
447 496 573 525 Lancea
601 504 671 524 cum
696 496 818 525 camelo
848 501 1034 534 comparata
1063 499 1125 532 est,
1154 494 1204 533 qui
1233 496 1365 533 primum
1395 498 1470 532 potu
1500 502 1561 521 non
1589 492 1715 521 omuino
1744 491 1900 527 satiatur,
1935 497 1999 520 tnm

200 555 311 586 iterum
341 556 379 586 ad
407 566 518 596 aquam
547 557 702 587 adductus
730 558 815 586 sitim
845 557 936 596 plane
965 556 1146 596 restinguit.
1209 556 1314 584 Maior
1351 560 1457 584 autem
1488 555 1560 583 laus
1591 553 1783 583 fortitudinis
1812 555 1841 583 in
1871 562 1909 582 eo
1938 557 2000 589 est,

198 618 279 657 quod
307 619 444 658 equitem
472 621 553 660 tergi
584 623 775 650 mentionem
814 620 937 650 faciens
972 619 1146 659 fugientem
1184 618 1302 657 lingat,
1342 626 1528 656 quamquam
1564 616 1758 646 scholiastes
1794 616 1903 645 maiori
1942 615 1999 654 ipsi

199 679 280 710 laudi
309 680 410 711 tuisse
438 681 612 722 contendit,
639 683 668 712 si
696 683 831 721 equitem
860 682 919 721 ipsi
949 682 1121 711 obversum
1151 680 1287 710 fluxerit.

197 801 228 831 7.
273 802 319 831 ΕΙ
339 812 433 839 quum
458 804 597 838 re'rqmes
617 803 705 840 sunm
728 803 886 831 involutae
907 804 939 830 in
963 802 1167 838 disponendis
1190 802 1302 830 alienis
1324 803 1367 830 ad
1391 803 1625 837 festinationem
1654 810 1689 829 se
1718 801 1898 837 impellunt.
1933 804 1998 829 tum

885 858 987 884 cineri
1009 865 1124 884 carues
1147 859 1321 892 impommI.

301 937 350 967 Ad
379 938 600 968 liberalitatem
628 938 868 969 describendam
906 939 1029 968 transit.
1091 939 1235 969 Ancillae
1270 941 1345 979 igne
1381 937 1602 977 accendendo,
1640 942 1673 967 ut
1713 937 1795 966 sumo
1834 936 1998 966 involutae

198 1000 262 1029 sint
288 1003 433 1040 tauquam
462 1001 554 1038 velo,
591 1007 767 1040 occupatae
794 1002 832 1031 ad
856 1010 969 1031 carnes
998 1005 1059 1031 tam
1088 1001 1268 1040 coquendas
1296 1010 1388 1039 quam
1417 1001 1447 1029 in
1475 1001 1580 1030 cinere
1609 999 1767 1029 assandas
1795 1008 1832 1027 se
1861 1007 1998 1038 praepa-

196 1067 278 1092 rant.
331 1062 471 1092 Formam
493 1064 623 1102 pluralis
640 1058 796 1107 ffijto'knjl7
813 1075 893 1104 qnae
915 1075 984 1094 cum
1002 1064 1105 1093 vocali
1126 1064 1231 1093 Kesra
1253 1064 1282 1092 in
1300 1062 1361 1092 line
1382 1064 1578 1102 pronunciari
1599 1067 1719 1101 potest,
1749 1062 1860 1091 beatus
1876 1061 1915 1090 de
1930 1061 1996 1090 Sa-

197 1134 277 1165 cyus
305 1125 344 1155 ad
373 1126 504 1156 formam
536 1124 603 1162 „kl-25
632 1128 736 1157 retulit
766 1128 892 1166 (conf.
921 1127 1032 1158 Grani.
1062 1127 1116 1155 Ar.
1145 1126 1182 1154 Τ.
1210 1126 1232 1154 1.
1263 1134 1292 1163 p.
1321 1123 1439 1162 369.)‚
1477 1125 1673 1154 scholiastes
1702 1130 1807 1154 autem
1836 1123 1997 1153 diversum

195 1187 372 1227 explicandi
407 1189 534 1218 modum
575 1189 699 1229 adfert,
743 1194 775 1221 ut
810 1195 957 1229 tanquam
994 1201 1012 1220 a
1046 1189 1263 1229 quadrilittcro
1302 1188 1446 1217 derivata
1487 1188 1524 1217 ad
1565 1188 1696 1217 sormam
1724 1186 1809 1225 ddi-25
1839 1187 1998 1226 pertinere

195 1249 345 1280 videatur
370 1250 459 1287 (ibid.
490 1261 519 1290 p.
549 1250 619 1281 373
634 1253 662 1291 J,
691 1262 761 1281 uam
789 1253 828 1282 ad
856 1252 987 1282 formam
1015 1250 1105 1289 &5225
1133 1250 1244 1280 referri
1272 1260 1332 1279 nou
1362 1259 1456 1288 posse
1485 1250 1621 1278 videtur.
1685 1249 1887 1278 Scholiastcs
1916 1258 1996 1287 poe-

198 1314 260 1340 tam
288 1311 449 1352 virginum
476 1313 661 1343 mentionem
689 1313 806 1343 fecisse
834 1313 1020 1355 adnotavit,
1048 1313 1132 1353 quod
1161 1322 1219 1342 eae
1248 1311 1383 1350 pudicae
1406 1312 1469 1340 sint
1495 1311 1704 1350 pavidaeque.
1771 1311 1863 1348 Quae
1900 1311 1998 1351 igitur

196 1373 223 1402 si
251 1374 304 1404 tati
332 1375 420 1413 operi
448 1375 648 1412 adhibentur,
680 1376 879 1405 liberalitatis
906 1375 977 1405 laus
1006 1380 1154 1416 angetur.
1215 1374 1294 1403 Mihi
1323 1378 1429 1403 autem
1459 1374 1519 1402 hac
1547 1382 1630 1401 voce
1658 1373 1792 1401 anclllae
1819 1372 1995 1412 significari

195 1436 358 1474 videntur,
387 1447 468 1476 quae
495 1438 658 1477 coquendo
687 1443 864 1477 occupatae
891 1443 976 1468 sunt.
1029 1437 1220 1476 Respiciens
1251 1446 1389 1473 morem,
1416 1444 1476 1474 quo
1506 1435 1651 1464 mulieres
1685 1434 1756 1463 velo
1785 1440 1889 1464 tcctac
1917 1444 1993 1463 esse

196 1499 314 1540 solent,
341 1505 437 1539 poeta
463 1501 606 1533 ancillas,
638 1510 718 1539 quae
747 1501 820 1529 velo
847 1503 877 1530 iu
898 1501 959 1529 isto
979 1510 1076 1539 opere
1094 1510 1155 1528 nou
1177 1500 1355 1536 utebantur,
1384 1500 1474 1538 quasi
1496 1499 1568 1527 velo
1589 1498 1663 1527 l'nmi
1686 1504 1790 1526 tectas
1810 1497 1992 1535 descripsit.

196 1560 298 1598 Quum
332 1568 437 1592 autem
465 1562 597 1592 verbum
625 1563 766 1600 βαλῶ
798 1562 857 1592 »ad
886 1562 1099 1593 festinandum
1127 1564 1270 1602 impulit«
1302 1565 1429 1602 proprie
1456 1572 1524 1592 cnm
1553 1562 1740 1591 accusativo
1765 1561 1885 1597 (·.d**²³)
1916 1567 1994 1587 con-

194 1624 282 1664 iungi
309 1634 370 1653 non
400 1625 521 1664 possit,
550 1625 763 1663 scholiastes,
792 1631 847 1655 aut
874 1625 1034 1655 obiectum
1063 1626 1151 1655 verbi
1180 1629 1264 1668 '⁸9:2²'
1291 1626 1389 1663 (alias
1419 1625 1595 1664 personas)
1631 1623 1783 1651 omissum
1826 1631 1921 1661 esse,
1961 1626 1995 1649 ut

195 1688 279 1724 -μώ
306 1695 361 1725 pro
396 1693 495 1725 -fuciq
530 1690 582 1716 aut
622 1689 706 1724 quai
733 1686 758 1724 g
792 1689 853 1728 sit,
892 1693 947 1717 aut
981 1689 1080 1718 verba
1115 1689 1286 1727 improprie
1322 1694 1354 1718 et
1391 1687 1606 1726 metaphorice
1642 1685 1727 1714 dicta
1766 1694 1836 1713 esse
1874 1683 1994 1712 statuit.

195 1748 300 1786 Quum
326 1754 432 1779 autem
460 1749 550 1779 hisce
578 1755 701 1788 tempus
729 1750 820 1780 nimis
849 1750 976 1790 longum
1003 1748 1188 1791 videi-etur.
1226 1760 1287 1789 quo
1313 1760 1426 1780 carnes
1457 1748 1619 1787 coquendo
1649 1747 1759 1776 molles
1789 1751 1922 1783 esst—nt,
1960 1749 1993 1774 ut

195 1814 250 1839 aut.
273 1810 380 1840 studio
408 1811 625 1841 benefaciendi
654 1812 749 1841 citius
777 1812 953 1842 satisfieret
980 1818 1032 1842 aut
1062 1812 1164 1842 fames
1193 1813 1414 1852 mitigaretur,
1455 1817 1578 1851 partem
1615 1809 1653 1839 ad
1691 1808 1862 1837 assandum
1899 1808 1993 1837 cineri

196 1872 424 1910 imposuerunt.
477 1874 511 1903 Si
539 1874 620 1904 istae
648 1875 791 1915 virgines
820 1875 899 1905 alias
929 1884 1085 1914 personas
1114 1874 1152 1904 ad
1180 1874 1395 1904 festinandum
1435 1874 1600 1913 impellunt
1638 1877 1669 1902 et
1705 1874 1793 1911 ipsae
1832 1870 1993 1900 cineribus

195 1942 308 1963 carnes
335 1934 492 1964 assandas
520 1935 690 1974 imponunt,
719 1937 828 1967 melius
855 1936 947 1977 ψῴο,
980 1938 1140 1968 scribitur.
1204 1938 1267 1967 Alii
1294 1943 1418 1975 autem,
1453 1947 1546 1977 quam
1584 1936 1908 1972 Abu-'l'ammamus7
1944 1932 1993 1961 sic

194 1998 293 2028 verba
320 1998 511 2028 retulerunt:
541 1998 632 2030 υἱώ
659 1997 757 2042 „odit
786 2002 871 2038 Ψω-ἰ
900 1997 1061 2039 &bsx-sut,
1094 2005 1148 2030 »et
1176 2000 1278 2030 ahena
1305 2000 1358 2040 ign
1397 1999 1512 2039 imponi
1548 1999 1638 2028 nimis
1668 1999 1794 2038 longum
1830 2000 1994 2036 putanteS,

195 2069 306 2090 carnes
333 2060 492 2090 cineribus
521 2060 772 2100 iinposueruut.«

194 2169 226 2199 8.
257 2169 411 2198 Manibus
433 2171 510 2198 meis
533 2173 670 2207 suffinae
693 2173 834 2199 victrices
858 2181 928 2200 cnm
951 2172 1043 2200 donis
1063 2174 1235 2209 petentium
1257 2181 1274 2199 e
1296 2172 1472 2205 semnculis
1492 2171 1577 2207 qibbi
1598 2170 1753 2204 camelae,
1779 2178 1858 2206 qmee
1879 2175 1995 2203 maana

602 2247 604 2253 .
650 2226 800 2254 decimum
823 2235 960 2254 mensem
983 2226 1020 2254 ub
1042 2227 1122 2254 initu
1146 2228 1222 2262 ayss,
1247 2227 1543 2254 circamr-ertantur.

292 2305 326 2334 Iu
353 2304 456 2334 hoc-ce
482 2314 580 2335 versu
608 2315 727 2336 morem
755 2307 895 2337 Arabum
925 2307 1098 2336 liberalium
1129 2306 1279 2346 respicit,
1311 2306 1361 2344 qui
1389 2311 1534 2346 tempore
1559 2307 1671 2337 hiemis
1699 2307 1892 2336 camelorum
1921 2315 1991 2335 ma-

193 2372 350 2397 ctatorum
382 2373 490 2406 partes
516 2370 547 2397 in
574 2369 764 2407 sagittarum
790 2369 862 2398 ludo
893 2371 974 2399 iuter
1001 2379 1160 2409 pauperes
1188 2370 1379 2400 distribuere
1406 2370 1563 2399 solebant.
1616 2369 1664 2398 Ad
1686 2378 1778 2407 qnam
1805 2378 1871 2397 rem
1900 2378 1992 2408 quum

193 2431 304 2460 cameli
331 2430 451 2470 pullum
483 2429 644 2460 destinare
671 2431 814 2460 solerent
841 2430 962 2474 (conf.
993 2431 1224 2462 Amru-l'tzaisi
1254 2432 1363 2462 Moatl.
1399 2430 1448 2461 ed.
1476 2431 1678 2470 llengstcnb.
1706 2440 1735 2468 p.
1765 2430 1822 2459 38.
1851 2429 1990 2459 Pocock.

191 2493 321 2530 specim.
350 2502 380 2532 p.
409 2491 480 2521 313
507 2501 574 2531 sqq.
605 2492 693 2522 Beat.
721 2491 760 2522 de
788 2493 878 2533 Sacy
906 2494 1037 2526 Chrest.
1065 2496 1122 2524 Ar.
1150 2496 1186 2525 Τ.
1216 2496 1258 2524 ltt
1297 2505 1327 2534 p.
1360 2494 1417 2524 23.
1446 2494 1578 2523 Hamas.
1608 2502 1636 2530 p.
1666 2494 1706 2520 Μ
1731 2501 1762 2520 v.
1785 2493 1848 2530 55),
1877 2492 1903 2520 is
1931 2491 1987 2520 sibi

191 2562 335 2584 summae
362 2555 559 2585 liberalitatis
590 2555 713 2585 laudem
741 2556 868 2596 tribuit.
907 2557 957 2595 qui
985 2557 1124 2587 camelas
1151 2556 1308 2586 decimum
1345 2556 1384 2586 ab
1420 2556 1498 2585 initu
1534 2564 1677 2583 mensem
1713 2559 1870 2594 agentes,
1907 2562 1990 2592 quae
