2247 2865
1012 124 1284 154 -248—

255 227 342 270 &filio
370 228 539 270 legendum
566 237 642 258 esse
669 224 738 256 &EM-“1
765 231 798 256 et
824 225 896 255 huic
924 224 1105 261 adsentior3
1134 234 1206 254 nam
1232 224 1262 253 in
1290 222 1448 253 Mersukii
1475 221 1617 262 margine
1644 219 1796 261 legimuS,
1823 220 2048 261 grammaticos

258 292 476 323 Abu-Ahmru
505 296 537 321 et
564 291 692 320 Alferra
713 289 847 329 dixisse,
875 287 1066 328 singularem
1083 282 1154 314 &52
1169 295 1256 322 esse,
1278 284 1351 314 dum
1368 283 1577 314 Alazmiiihus
1595 283 1726 314 formam
1741 279 1818 312 ὼ
1833 283 2046 315 adnotaverit.

260 356 374 395 Agnus
400 350 477 401 &ab
503 353 684 394 appellatus
716 351 840 389 dicitur,
868 349 950 388 quod
978 350 1008 378 in
1037 348 1117 378 collo
1146 349 1214 378 eius
1241 348 1326 377 funis
1352 342 1427 375 ssu:
1453 347 1556 377 dictus
1582 346 1741 388 alligatur.

1036 453 1274 487 Lxxxv.

849 520 989 555 flixit
1010 521 1207 554 *einum-u
1229 521 1276 554 h.
1300 519 1468 554 Sellas.

359 600 485 629 Nomen
516 596 622 627 Schas
651 605 692 625 ex
720 593 890 632 adtentius,
918 593 991 623 elati
1019 598 1052 622 et
1079 592 1147 623 duri
1173 592 1437 633 significationem
1466 593 1615 631 habente,
1642 597 1745 624 ortum
1762 596 1823 624 est.
1849 592 1912 623 Hic
1932 591 2051 631 Sellas,

263 663 346 694 filius
374 660 595 701 Abu-Bolajji‚
623 668 738 688 nomen
767 657 903 687 habebat
931 655 1055 686 Ohbaid
1083 657 1112 685 b.
1140 654 1324 684 'rsahlebah
1350 655 1379 685 b.
1400 654 1579 685 Rowaibah
1603 660 1663 686 etc.
1691 656 1794 686 Poeta
1814 654 2052 686 antelslamum

260 730 377 764 natus,
420 733 523 754 senex
550 722 755 764 grandaevus
791 724 933 758 tempore
962 719 1071 748 Islami
1107 723 1187 751 erat.
1227 719 1360 759 Pugnae
1393 718 1477 757 apud
1505 717 1680 748 Kadesiam
1714 726 1796 748 anno
1828 717 1871 747 15
1898 715 2051 746 interfuit.

260 789 350 819 Uxor
376 788 489 817 eiuse
515 789 613 826 gente
641 793 701 814 sua
727 782 861 813 oriunda
892 781 985 812 filium
1011 782 1072 822 ipsi
1100 791 1117 811 e
1144 789 1242 810 serva
1270 784 1362 822 nigra
1390 786 1498 812 natum
1528 782 1667 811 obiicere
1693 781 1819 810 solebat
1858 785 1892 810 et
1918 779 2053 810 eundem

261 860 346 881 noxa
373 849 524 888 adficere,
552 856 615 887 quo
641 846 758 875 factum
789 849 851 885 est,
880 849 914 874 ut,
940 848 973 874 et
999 843 1083 874 filius
1112 846 1204 873 uxori
1231 853 1347 874 noxam
1376 843 1517 874 inferret.
1547 842 1651 881 Quam
1678 841 1794 883 agendi
1820 842 1931 872 uxoris
1951 841 2052 872 ratio-

261 923 334 943 nem
360 916 452 951 pater
476 910 626 939 versibus
656 907 850 947 reprobavit.

263 1024 291 1053 l.
321 1022 428 1052 Voluit
449 1018 578 1060 (ua-or]
603 1020 753 1048 [ln-arum
778 1018 872 1046 m'liili
896 1017 1052 1054 pendere3
1083 1019 1117 1044 at
1144 1017 1198 1054 qui
1227 1016 1379 1044 Ilrrorum
1410 1015 1505 1044 nihili
1529 1015 1668 1052 pendere
1698 1014 1780 1050 vult,
1813 1016 1850 1050 is,
1877 1023 1936 1051 per
1960 1015 2055 1043 vitam

459 1059 467 1060 ἶ
984 1068 1106 1098 meam!
1125 1072 1240 1097 iniuste
1261 1071 1333 1106 eqit.

365 1144 506 1175 Uxorem
534 1144 720 1182 vituperat,
755 1141 838 1180 quod
860 1132 972 1169 'filium
1000 1139 1087 1169 Ihrar
1116 1149 1157 1168 ex
1191 1148 1290 1168 serva
1318 1139 1376 1178 ipsi
1405 1144 1513 1168 natum
1541 1139 1721 1178 deprimere
1749 1142 1780 1170 et
1806 1139 1836 1169 in
1864 1144 2055 1171 contemtum

265 1208 381 1239 ducere
412 1207 560 1244 voluerit,
588 1214 681 1244 quum
710 1207 737 1234 is
768 1204 821 1233 tali
850 1202 966 1244 agendi
995 1203 1115 1231 ratione
1142 1202 1225 1231 haud
1254 1203 1383 1243 dignum
1409 1212 1446 1231 se
1468 1203 1660 1242 praebuerit.
1692 1203 1833 1233 Verbum
1852 1203 1938 1250 φῶ)
1964 1205 2054 1234 uxori

263 1271 462 1300 voluntatem
491 1269 519 1297 in
547 1267 669 1307 agendo
698 1266 870 1306 significat,
898 1275 990 1304 quam
1019 1266 1214 1295 voluntatem
1239 1270 1386 1304 tanquam
1413 1265 1557 1296 iniustam
1587 1266 1746 1307 designat.

265 1383 296 1411 2.
320 1380 358 1410 Si
378 1381 439 1408 mei
456 1389 534 1416 pars
557 1388 589 1405 ese
613 1380 669 1405 ont
689 1387 788 1405 mseam
810 1377 990 1405 socz'elatem
1008 1376 1062 1409 vis,
1087 1378 1117 1403 ei
1137 1377 1241 1404 ins-lar
1257 1376 1363 1413 &Illyri
1376 1378 1430 1411 sis,
1456 1378 1548 1404 cuius
1562 1386 1658 1405 causa
1679 1380 1749 1406 uter
1767 1378 1975 1407 concinnatus
1990 1380 2056 1415 επ,-

364 1448 463 1478 Uxori
492 1448 628 1477 minatur
655 1452 686 1476 et
715 1447 863 1486 postulat,
894 1449 927 1475 ut
954 1455 1031 1486 erga
1057 1445 1154 1474 filium
1184 1446 1285 1474 lenem
1302 1445 1332 1474 in
1357 1444 1482 1486 agendo
1499 1456 1536 1474 se
1552 1447 1714 1485 praebeat.
1741 1447 1901 1477 Narrandi
1920 1447 2056 1488 modum,

265 1522 358 1553 quem
387 1513 415 1540 in
446 1510 656 1541 antecedente
687 1514 819 1539 secutus
849 1514 928 1548 erat,
957 1510 1137 1547 relinquens
1167 1517 1296 1537 uxorein
1317 1508 1498 1546 alloquitur.
1528 1508 1617 1538 Duas
1632 1517 1685 1537 res
1701 1509 1805 1548 ponit3
1833 1519 1915 1550 eam,
1943 1519 2057 1549 quem-

266 1574 435 1605 admodum
462 1583 597 1603 uxorem
627 1573 759 1609 deceat,
796 1576 849 1602 aut
885 1582 956 1602 cum
985 1572 1053 1612 ipso
1081 1572 1261 1602 consentire
1291 1576 1345 1601 aut
1372 1580 1434 1600 non
1463 1571 1709 1600 consentientem
1737 1571 1840 1610 ipsius
1867 1571 2056 1602 societatem

267 1646 393 1676 cupere.
433 1635 513 1665 Sive
550 1644 646 1664 unum
687 1635 758 1663 sive
799 1635 931 1664 alterum
969 1634 1031 1675 sit,
1072 1644 1199 1673 semper
1236 1643 1303 1663 cum
1337 1632 1402 1662 filio
1442 1632 1580 1674 benigne
1618 1632 1780 1674 agendum
1814 1643 1901 1666 esse.
1953 1633 2056 1672 Quam

267 1697 382 1738 agendi
410 1697 562 1726 rationem
590 1696 828 1734 comparatione
855 1697 1001 1725 instituta
1029 1696 1212 1736 descripsit.
1242 1696 1285 1726 Ut
1312 1696 1472 1736 butyrum,
1501 1696 1586 1736 quod
1613 1697 1642 1725 in
1670 1702 1740 1726 utre
1760 1697 1840 1727 bene
1872 1698 2058 1728 concinnato

268 1764 492 1796 conservatur,
521 1768 648 1797 semper
676 1758 767 1788 dulce
795 1764 846 1788 est
874 1763 904 1788 et
923 1764 1049 1799 gratum
1068 1767 1215 1798 saporem
1235 1758 1340 1796 habet,
1370 1761 1415 1789 sic
1435 1758 1544 1788 uxoris
1565 1758 1677 1799 agendi
1697 1759 1778 1788 ratio
1802 1759 1903 1789 dulcis
1928 1769 2057 1799 semper

269 1830 344 1850 esse
374 1821 478 1851 debet.
514 1821 594 1851 Uter
630 1826 737 1850 autem
775 1821 908 1851 decocto
937 1830 954 1849 e
983 1820 1118 1860 dactylis
1147 1825 1256 1859 parato
1284 1821 1541 1850 concionabatur.
1581 1821 1657 1851 Vox
1692 1819 1739 1866 foi
1767 1831 1786 1851 a
1809 1821 1966 1862 singulari
1993 1819 2057 1866 μοὶ

269 1883 459 1912 derivandus
488 1883 618 1921 pluralis
645 1888 707 1921 est,
737 1884 790 1922 qui
817 1883 981 1913 derivandi
1008 1884 1122 1914 modus
1149 1894 1168 1914 a
1194 1884 1294 1914 forma
1318 1881 1397 1926 eil-25,
1423 1884 1502 1922 ὑμὲ
1529 1888 1562 1914 et
1587 1880 1661 1925 ὁμο·
1688 1893 1759 1915 raro
1786 1884 1958 1916 invenitur.

270 1992 301 2020 3.
326 1990 384 2020 Sin
407 2001 478 2020 rero
500 2001 519 2020 α
538 1991 656 2028 pilento
679 2001 744 2019 meo
767 1995 796 2020 le
817 2001 968 2028 separare
990 1994 1094 2030 cupis,
1118 1995 1220 2021 instat·
1243 1993 1336 2030 lupae
1358 1994 1388 2021 ei
1408 1995 1463 2027 sis,
1485 2002 1543 2030 pm·
1566 2002 1660 2030 quam
1682 2003 1754 2022 ores
1773 1996 1963 2032 perduntur.

369 2060 497 2089 Versus
526 2069 595 2090 cum
623 2060 727 2099 priore
755 2061 919 2102 cohaeret,
951 2067 986 2091 ut
1006 2062 1134 2092 tertium
1152 2067 1250 2102 ponat
1264 2072 1340 2092 esse
1359 2062 1468 2092 uxoris
1486 2061 1680 2092 desiderium
1703 2063 1741 2093 ab
1762 2065 1835 2104 ipso
1862 2064 2058 2097 discedendi.

271 2121 315 2151 Se
342 2130 412 2150 eam
440 2121 569 2160 repudio
598 2121 795 2152 dimissuram
827 2133 903 2152 esse
931 2124 1078 2165 minatur,
1105 2125 1131 2154 si
1153 2124 1262 2154 lhraro
1289 2125 1501 2155 infestissima
1527 2126 1579 2155 sit.
1614 2125 1735 2156 Hostes
1763 2136 1833 2157 cum
1860 2127 1942 2166 lupis
1970 2137 2058 2158 com-

277 2187 429 2223 parantur
456 2183 556 2213 conf.
584 2185 674 2213 Ham.
703 2194 732 2223 p.
762 2185 794 2214 ll*-
825 2195 856 2215 v.
885 2185 918 2216 3.
945 2187 1013 2217 Sed
1039 2189 1169 2228 nescio,
1208 2197 1282 2217 num
1321 2192 1418 2227 poeta
1454 2190 1576 2218 ratione
1612 2187 1719 2218 habita
1749 2190 1994 2229 comparationis
2027 2191 2059 2220 in

273 2247 483 2278 antecedente
515 2256 613 2276 versu
642 2248 750 2278 uxoris
780 2249 895 2288 agendi
922 2249 1075 2279 rationem
1102 2254 1189 2279 recte
1217 2259 1287 2279 cum
1329 2250 1394 2288 lupi
1428 2250 1458 2279 in
1485 2258 1566 2279 oves
1593 2250 1766 2291 grassandi
1791 2251 1884 2281 modo
1911 2252 1949 2282 ab
1977 2253 2060 2282 omui

273 2314 362 2348 parte
390 2314 478 2339 recte
504 2309 683 2349 contulerit,
713 2309 862 2340 diversae
889 2311 971 2341 enim
999 2317 1074 2341 sunt
1102 2315 1266 2351 utriusque
1294 2311 1505 2352 conditiones,
1533 2312 1682 2343 diversae
1710 2323 1790 2344 oves
1817 2323 1958 2344 numero.
2001 2315 2061 2345 Est

273 2372 368 2411 igitur
392 2374 424 2401 in
452 2371 589 2412 singulis
618 2372 817 2410 comparandi
845 2373 956 2402 modus
985 2383 1047 2402 non
1074 2373 1248 2414 urgendus.
1292 2375 1405 2413 Lupus
1440 2375 1471 2404 in
1508 2377 1687 2414 proverbiis
1723 2381 1869 2416 tanquam
1904 2377 2060 2418 malignus

274 2433 370 2462 Meid.
396 2434 429 2474 7,
462 2433 560 2473 125.;
590 2432 730 2472 perfidus
759 2434 888 2474 73126.
922 2435 978 2473 12,
1004 2435 1083 2465 114.
1114 2436 1170 2477 19,
1187 2436 1266 2476 6¹.;
1292 2437 1428 2468 iniustus
1459 2439 1515 2479 18,
1533 2440 1590 2472 21.
1619 2439 1830 2478 describitur3
1858 2440 1932 2479 lupa
1951 2446 2062 2483 autem

278 2496 307 2524 in
335 2496 544 2535 propinquum
574 2495 711 2526 crudelis
740 2499 791 2525 est
825 2496 877 2534 ¹8,
899 2496 980 2526 233.
1009 2497 1133 2527 Vocem
1162 2494 1190 2526 ὦ
1211 2496 1325 2531 0„an
1354 2499 1469 2539 duplici
1497 2501 1589 2530 modo
1617 2501 1873 2540 interpretantur,
1899 2507 1934 2531 ut
1961 2503 2061 2533 verbo

276 2554 338 2606 {Li-2
367 2562 422 2588 aut
452 2569 607 2598 perenn
621 2559 658 2588 di
687 2563 741 2589 aut
769 2558 822 2589 lib
835 2569 904 2589 ere
933 2569 950 2588 e
963 2559 1068 2590 vade
1081 2560 1148 2590 ndi
1175 2562 1371 2602 significatio
1391 2563 1440 2596 sit.
1468 2564 1651 2594 Posteriore
1670 2563 1902 2604 significatione
1922 2565 2063 2596 admissa
