2247 2865
987 116 1253 148 —204-

223 231 281 262 per
308 226 404 251 totam
431 221 566 251 hiemem
591 220 622 250 in
649 219 779 250 latibulo
806 217 994 249 abscondita
1021 217 1073 247 sit.
1127 217 1244 256 Neque
1281 215 1446 247 derivandi
1485 215 1577 246 modo
1616 215 1877 255 adsentiendum,
1914 226 2016 256 neque

224 284 286 314 hoc
312 284 343 313 in
370 284 439 314 loco
467 284 506 314 ob
533 283 702 322 sequentia
726 282 827 311 verba
854 279 1117 310 inimicitiam
1146 279 1512 309 manifestantium
1537 278 1599 309 odii
1619 279 1738 309 occulti
1757 278 2020 320 significationem

224 345 379 385 quadrare
405 350 493 384 puto,
521 344 657 374 Pluralis
684 347 717 372 et
743 342 872 372 inultum
899 345 932 370 et
958 341 1081 371 varium
1108 341 1213 371 odium
1240 341 1404 381 designat;
1433 350 1534 380 neque
1564 342 1644 371 enim
1672 342 1710 372 ob
1739 341 1847 381 plures
1863 350 2017 381 personas

224 409 351 449 positus
378 407 518 438 videtur.
545 407 657 437 Verba
681 403 787 445 cvl-§Ii
803 405 900 451 ις.->,”ἑ
930 403 1059 434 »Corda
1073 404 1260 434 vulneribus
1275 404 1457 434 dolentibus
1476 405 1566 435 laesa
1581 405 1759 435 habentes«
1789 414 1860 444 eos,
1887 413 2019 443 quorum

225 471 325 502 corda
351 470 512 501 inimicitia
537 469 703 507 odiumque
730 468 904 507 laeserant,
933 466 1115 507 designant.
1144 467 1221 496 Vox
1249 468 1315 519 353
1346 467 1473 507 proprie
1500 468 1618 498 vulnus
1644 468 1756 498 dolens
1788 467 1955 509 significat.
1983 469 2017 497 ln

227 534 344 563 Haririi
368 534 437 563 loco
465 542 494 571 p.
525 531 569 561 ἱῡτἰ
596 531 636 560 de
663 530 793 561 tristitia
820 529 949 560 dicitur:
1002 526 1088 581 3532ss
1116 528 1201 575 k5250
1227 527 1311 567 „aliia
1338 531 1467 569 &xmp
1510 529 1570 559 »Ei
1595 530 1738 560 valedixi
1773 530 1887 568 corde,
1928 529 2019 560 cuius

226 596 345 626 vulnus
371 594 559 635 sanguinem
584 593 783 624 emittebat«.
838 594 873 622 In
900 592 1027 623 Corano
1054 595 1197 634 pluribus
1228 594 1308 624 locis
1335 594 1478 624 homines
1506 593 1588 624 haud
1603 594 1702 633 probe
1716 598 1855 635 agentes
1879 593 1909 622 in
1922 592 2020 623 corde

228 658 368 688 morbum
395 657 514 687 habere
541 657 678 698 legimus
714 656 820 687 conf.
847 656 922 687 Sur.
951 657 1009 696 24,
1037 657 1094 687 49.
1158 656 1285 697 Duplex
1318 661 1424 686 autem
1461 655 1689 695 pronunciandi
1724 655 1832 685 modus
1870 655 1899 685 in
1936 664 2019 685 voce

227 716 322 748 abisti
352 723 415 749 est.
467 719 632 759 Tanquam
660 718 791 758 pluralis
818 719 950 749 nominis
975 721 1058 758 «λλὲ,
1090 730 1154 760 qua
1179 728 1264 749 voce
1292 728 1381 748 error
1415 718 1445 747 in
1480 718 1611 747 consilio
1645 722 1702 747 aut
1734 719 1868 757 turpiter
1905 717 2021 758 agendi

228 782 309 812 ratio
337 781 549 823 significatur.
601 782 823 823 Designantur
849 781 946 822 igitur
972 782 1013 821 ii,
1050 783 1100 823 qui
1135 783 1251 813 iterum
1285 784 1467 821 iterumque
1495 781 1525 810 in
1552 780 1695 811 consiliis
1722 780 1887 819 capiendis
1915 785 2024 810 errant

228 850 284 876 aut
308 845 404 875 rebus
431 847 576 885 turpibus
604 846 730 887 agendo
759 851 792 876 et
818 847 975 886 loquendo
1004 846 1183 878 adsuefacti
1210 850 1295 875 sunt.
1326 845 1420 874 Alter
1447 844 1675 883 pronunciandi
1701 843 1811 874 modus
1833 853 1902 874 cum
1919 845 2022 874 vocali

228 908 335 937 Kesra
362 917 476 937 nomen
503 908 639 938 actionis
669 908 789 939 formae
816 913 947 948 quartae
975 909 1132 950 designat.
1163 909 1281 940 Forma
1296 910 1388 940 verbi
1407 913 1530 949 quarta,
1555 909 1663 939 dicere
1680 909 1819 948 aliquem
1837 908 1866 937 in
1887 907 2022 937 consilio

230 979 339 999 errare
365 975 422 1000 aut
448 969 594 1007 delirare,
622 971 793 1011 significat.
846 972 918 1002 Nec
945 982 1007 1001 non
1035 972 1177 1002 eiusdem
1204 972 1396 1014 significatio
1423 971 1619 1002 mendacium
1645 970 1825 1010 proferendi
1850 980 1869 1000 a
1888 969 2023 1000 Kamusi

231 1039 365 1064 auctore
392 1034 544 1065 adnotata
573 1034 625 1064 hic
654 1035 757 1065 locum
785 1035 905 1065 habere
932 1040 1051 1075 potest.

230 1133 262 1161 2.
287 1131 401 1161 Odium
417 1134 559 1169 ipsorum
575 1134 664 1161 modo
681 1133 794 1162 obulus
808 1143 879 1162 sum
898 1143 1014 1171 eosque
1029 1133 1152 1171 reliqui,
1169 1132 1241 1160 dum
1259 1142 1377 1167 revera,
1393 1141 1489 1170 quum
1501 1133 1596 1161 amici
1610 1133 1724 1160 metello
1735 1131 1780 1167 fil,
1806 1131 1926 1158 inimici
1936 1133 2023 1162 sunt,

329 1189 456 1219 Versus
481 1189 530 1219 hic
557 1199 657 1219 sensu
683 1200 754 1221 cum
782 1190 995 1221 antecedente
1023 1189 1184 1221 cohaeret.
1239 1188 1335 1227 Dicit,
1362 1198 1400 1218 sc
1424 1189 1584 1227 virorum,
1611 1198 1694 1229 quos
1721 1187 1900 1227 descripsit,
1922 1186 2026 1217 odium

233 1251 363 1281 oblitum
392 1260 482 1288 esse,
504 1252 547 1281 ita
565 1256 599 1281 ut
626 1251 688 1290 ipsi
714 1252 756 1281 illi
787 1252 849 1282 odii
875 1253 1153 1282 obliviscerentur.
1192 1251 1238 1281 Se
1253 1260 1361 1281 eorum
1389 1251 1505 1281 nullam
1532 1251 1687 1281 rationem
1707 1250 1870 1290 habuisse,
1903 1249 1976 1288 etsi,
1998 1249 2026 1277 si

232 1314 402 1344 amicorum
429 1313 546 1343 mentio
573 1312 641 1353 fiat,
668 1313 802 1344 inimicis
830 1314 1027 1344 accensendi
1052 1314 1127 1344 sint.
1179 1313 1289 1343 'rm-tia
1316 1313 1407 1343 verbi
1435 1313 1537 1343 forma
1564 1317 1699 1344 mutuam
1727 1312 1919 1342 oblivionem
1945 1310 2027 1341 inter

230 1381 396 1416 utramque
423 1382 546 1416 partem
574 1376 677 1405 fuisse
705 1375 867 1417 designat,
895 1386 933 1406 Se
959 1376 1056 1416 igitur
1083 1376 1145 1406 odii
1171 1376 1292 1406 illorum
1321 1376 1566 1406 obliviscentem
1594 1375 1762 1415 effecisse,
1790 1381 1825 1404 ut
1851 1379 1883 1405 et
1907 1374 1950 1404 illi
1977 1374 2028 1404 sui

232 1440 295 1470 odii
323 1439 604 1470 obliviscerentur.
658 1438 725 1469 Sed
753 1439 793 1469 de
820 1449 900 1469 vera
927 1439 1087 1469 oblivione
1115 1448 1219 1469 sermo
1247 1448 1308 1468 non
1337 1443 1408 1480 est,
1435 1448 1473 1469 se
1499 1438 1690 1468 oblivionem
1716 1438 1892 1467 simulasse
1920 1436 2028 1467 dicere

233 1503 313 1533 vult.
368 1502 416 1532 Ob
443 1507 632 1541 sequentem
660 1502 813 1542 pluralem
841 1499 907 1530 olai
936 1502 1012 1542 (pro
1038 1499 1161 1542 5035)
1189 1511 1256 1532 vox
1282 1498 1432 1538 &Anii
1465 1501 1585 1533 amicos
1612 1501 1769 1541 designat.

231 1601 264 1630 3.
290 1601 335 1631 Ut
356 1604 463 1630 contra
483 1601 561 1629 milti
579 1601 770 1628 im'mz'ciores
793 1609 845 1628 eos
868 1608 1084 1636 compararem
1090 1609 1101 1635 ς
1131 1608 1205 1627 num
1234 1600 1391 1627 interdum
1422 1599 1526 1628 odium
1557 1608 1633 1635 erya
1664 1607 1722 1626 nos
1752 1600 1856 1626 animo
1885 1599 2029 1635 forentes

858 1655 948 1683 adire
970 1651 1111 1693 (auxilii
1131 1650 1250 1692 causa)
1272 1654 1421 1689 coyimur.

333 1723 472 1753 Causam
501 1723 624 1764 adfert,
664 1732 718 1752 cur
744 1732 821 1763 erga
851 1733 908 1753 eos
937 1723 980 1753 ita
1007 1732 1044 1752 se
1072 1722 1224 1763 gesserit.
1277 1721 1410 1751 Leniter
1434 1731 1472 1752 se
1499 1731 1557 1752 eos
1585 1726 1759 1761 tractasse,
1788 1725 1823 1751 ut
1848 1719 2030 1750 inimicitiae

233 1786 321 1816 obliti
351 1791 461 1816 contra
489 1786 569 1816 alios
596 1786 658 1826 ipsi
685 1787 801 1816 auxilio
830 1791 952 1816 essent.
1005 1786 1057 1815 Ex
1084 1784 1208 1814 scholio
1239 1788 1364 1825 autem,
1405 1784 1457 1813 ubi
1494 1784 1653 1825 legimus,
1692 1783 1833 1813 Arabem
1868 1781 2027 1822 quendam

234 1848 364 1889 dixisse,
402 1849 565 1888 patrueles
591 1858 668 1878 csse
694 1848 835 1878 inimicos
863 1853 993 1878 nostros
1023 1852 1056 1877 et
1083 1847 1224 1878 inimicos
1254 1846 1449 1876 inimicorum
1476 1850 1678 1882 nostrorum,
1705 1844 1875 1884 videmus,
1902 1847 2028 1883 poetam

234 1916 393 1951 cognatos
421 1920 502 1951 erga
528 1919 564 1940 se
591 1910 694 1940 odium
723 1910 875 1940 foventes
902 1911 1006 1940 animo
1033 1910 1210 1950 habuisse,
1248 1909 1287 1940 ad
1314 1919 1393 1948 quos
1421 1913 1531 1939 contra
1567 1908 1757 1938 remotiores
1785 1907 1926 1936 inimicos
1952 1908 1973 1936 i.
2000 1915 2028 1936 e.

234 1973 435 2014 cognationis
471 1973 600 2002 vinculo
638 1982 711 2002 cum
745 1975 817 2011 ipso
854 1981 916 2001 non
954 1972 1140 2002 coniunctos
1176 1972 1236 2011 ipsi
1264 1970 1510 2011 confugiendum
1538 1974 1640 2000 esset.
1694 1969 1775 2000 Post
1800 1978 1917 1999 vocem
1942 1964 2030 2005 0.ιῇ

234 2044 301 2064 vox
327 2040 384 2074 &a
408 2044 455 2064 sc.
483 2034 579 2073 &Aa
609 2034 777 2065 »remotior
805 2044 823 2063 a
851 2043 900 2064 me
926 2043 972 2064 sc.
1003 2033 1166 2064 inimicitia
1192 2044 1285 2074 quam
1312 2034 1375 2063 illi«
1406 2032 1585 2072 supplenda
1621 2037 1689 2071 est,
1729 2036 1795 2062 tum
1822 2040 1889 2060 vox
1917 2028 2030 2068 exal-3³35

234 2095 307 2126 voci
334 2092 430 2141 &jobi
459 2097 607 2136 opposita
636 2096 720 2127 haud
747 2101 905 2137 cognatos
933 2094 1083 2136 designat
1116 2095 1234 2134 (conf.
1265 2096 1450 2126 Schultens.
1481 2095 1521 2125 ad
1547 2095 1612 2124 Iob.
1643 2104 1673 2134 p.
1705 2094 1809 2124 1122.
1837 2097 1870 2122 et
1895 2092 2029 2122 Harir.

235 2167 265 2197 p.
294 2159 379 2198 ἣν).
431 2159 571 2188 Verbum
602 2158 677 2196 2L3>5
704 2160 786 2189 idem
813 2168 888 2189 esse
916 2159 999 2198 quod
1026 2156 1095 2187 :tas
1123 2163 1155 2188 et
1184 2150 1245 2197 Q,
1283 2169 1324 2189 ex
1352 2158 1469 2189 Corani
1505 2157 1575 2188 loco
1602 2157 1678 2187 Sur.
1711 2156 1766 2196 19,
1795 2154 1841 2185 23
1868 2154 2028 2194 probatur.

235 2221 466 2251 Abu-Helalus
496 2221 583 2261 dixit,
612 2222 679 2251 fieri
706 2222 876 2260 interdum,
905 2227 939 2253 ut
965 2221 1059 2251 homo
1089 2221 1119 2251 in
1138 2221 1324 2262 quibusdam
1348 2221 1444 2251 rebus
1465 2220 1504 2251 ad
1524 2220 1669 2250 inimicos
1688 2219 1863 2259 confugere
1882 2222 2028 2258 cogatur.

236 2283 380 2313 Eundem
412 2293 493 2313 vero
521 2294 652 2313 sensum
683 2288 777 2322 poeta
810 2284 920 2314 verbis
948 2284 1158 2323 sequentibus
1187 2284 1294 2323 (metr.
1323 2283 1468 2322 Thawil)
1497 2282 1682 2321 expressit:
1734 2278 2029 2320 Superstitem

214 2341 430 2386 'relinquo
458 2347 586 2376 virum
615 2355 787 2385 pravum
806 2344 868 2388 (sc.
891 2343 1081 2388 cognatum)
1099 2351 1292 2385 tanquam
1319 2350 1559 2384 apparatum
1587 2347 1738 2374 contra
1763 2339 2030 2372 inimicitiam

237 2409 487 2439 adversarii
515 2419 562 2438 ex
591 2408 837 2448 hominibus,
865 2408 1099 2448 peregrini.
1128 2408 1266 2438 Canes
1297 2406 1615 2446 peregrinorum
1641 2411 1871 2443 eorumque
1897 2401 2030 2430 latra—

238 2480 317 2507 tum
345 2471 485 2509 timeo,
525 2481 639 2511 quum
675 2479 802 2500 canes
833 2471 1160 2508 propinquorum
1187 2467 1238 2496 iis
1266 2475 1342 2495 non
1369 2465 1642 2504 respondent.
1694 2465 1810 2494 Dicere
1835 2462 1916 2501 vult,
1933 2471 2030 2500 pere-

237 2533 359 2574 grinos,
387 2533 414 2561 si
439 2532 602 2572 propinqui
629 2535 685 2562 aut
711 2540 773 2560 non
799 2529 903 2560 adsint
930 2535 985 2559 aut
1013 2528 1131 2559 auxilio
1159 2537 1220 2557 non
1250 2528 1333 2567 sint,
1361 2537 1399 2557 se
1427 2530 1553 2557 timere.
1606 2526 1726 2557 Canum
1752 2523 1876 2553 nonnisi
1904 2522 1942 2552 ad
1971 2533 2032 2552 ex-

237 2594 408 2625 ornandam
436 2596 629 2624 sententiam
657 2593 848 2624 mentionem
876 2591 958 2622 fecit.
1011 2591 1167 2621 Narnirita
1195 2590 1265 2619 voci
1293 2589 1368 2626 aql
1398 2590 1460 2619 hoc
1486 2589 1515 2618 in
1545 2596 1641 2617 versu
1667 2585 1933 2626 significationem
1971 2594 2030 2613 ve-
