2247 2865
991 100 1263 131 -568—

235 202 368 235 avaritia
395 202 423 231 in
453 210 552 231 causa
585 204 677 241 erat,
717 209 774 230 cur
800 209 819 230 a
845 201 955 239 paucis
982 204 1104 230 tantum
1130 199 1224 230 laude
1261 204 1436 230 ornaretur.
1488 198 1649 230 Ahmruus
1676 199 1705 229 b.
1733 200 1810 231 said
1836 210 1907 232 eum
1933 202 2020 233 hisce

235 266 384 296 versibus
410 263 553 294 laudavit
580 263 688 302 (metr.
716 262 877 301 'l'hawilffi
904 263 1080 292 Nonnes
1106 261 1246 300 videm,
1274 261 1449 292 Sobairi
1476 261 1598 291 filios
1628 261 1672 292 ad
1700 263 1875 303 gloriam
1904 263 2020 294 adse-

238 327 440 369 quendam
466 326 644 357 foedere
672 336 718 355 se
746 325 1050 364 coniunxisse,
1079 324 1168 353 dum
1191 333 1296 363 gens
1316 324 1531 355 Koraisch
1552 325 1774 355 ieiunabat
1801 330 1842 355 et
1870 335 2020 365 preces

238 391 440 421 faciebat.
493 389 611 420 Gens
639 386 853 417 Koraisch
880 388 1004 417 annis
1030 385 1268 415 sterilibus
1299 386 1450 426 pluvia
1477 390 1565 423 est,
1602 395 1679 415 vos
1717 390 1849 416 autem
1883 387 2022 428 gentis

237 452 449 483 Koraisch
476 451 622 491 pluvia
651 450 781 490 estis,
809 450 882 480 ubi
910 450 994 479 iter
1020 449 1185 479 faciunt
1213 453 1253 479 et
1282 449 1583 479 deversantur.

1002 556 1266 590 ccxvnl.

810 622 950 656 Dixit
972 623 1172 656 Hassan
1195 623 1241 655 h.
1266 622 1452 663 fijand,

237 700 263 728 1.
286 698 441 728 Familiae
464 698 695 727 Banu-Husim
717 699 861 726 tuentium
882 697 999 734 perfer,
1025 706 1072 724 me
1094 706 1146 724 eos
1169 696 1348 734 relinquere
1371 698 1401 724 el
1422 695 1550 724 camelis
1574 696 1649 722 meis
1665 703 1756 723 mane
1774 695 1896 724 dicere:
1918 694 2030 724 Abite!

237 767 268 795 2.
297 765 354 794 Vir
376 774 431 801 eqo
454 773 524 792 sum
548 764 712 792 cuiuslibet
733 757 842 792 domus
865 764 966 791 faedio
989 763 1142 800 adfectus,
1172 763 1224 791 ulai
1244 771 1344 800 neque
1355 763 1486 790 durities
1502 771 1569 790 mea
1581 770 1682 799 neque
1697 761 1810 789 lenitas
1822 762 2028 792 desideratur.

337 834 439 864 Poeta
467 832 505 862 ad
525 832 790 862 Ahbd-Allahum
810 833 837 861 b.
856 833 977 869 llasbn,
1005 836 1037 862 ut
1065 832 1092 861 in
1122 833 1191 861 eius
1221 831 1400 861 clientelam
1425 840 1462 860 se
1481 830 1637 869 recipiens
1667 830 1833 860 vicinitate
1858 830 2028 871 frueretur,

237 901 379 928 venerat.
432 896 629 926 SocIetatcm
657 900 762 925 autem
791 905 882 934 quum
911 905 972 924 non
1000 896 1089 925 talem
1118 895 1286 931 inveniret,
1313 894 1433 932 qualem
1462 892 1598 922 futuram
1626 893 1836 932 speravisset,
1866 892 2031 922 consilium

240 961 374 991 abeundi
401 960 489 990 hisce
516 959 664 988 versibus
690 959 873 988 manifestat
900 963 932 988 et
961 968 1047 988 more
1085 963 1250 996 poetarum
1287 957 1356 986 viro
1394 955 1518 985 cuidam
1554 956 1711 996 imperat,
1750 959 1782 986 ut
1819 956 1952 986 huiusce
1987 959 2033 988 rei

242 1022 381 1053 nuntium
410 1021 448 1051 ad
474 1021 622 1050 familiam
650 1021 733 1049 illius
761 1021 820 1049 viri
850 1020 997 1059 perferat.
1050 1020 1083 1048 In
1112 1019 1269 1048 Mersukii
1296 1018 1416 1055 codice,
1444 1023 1505 1048 tam
1537 1021 1568 1048 in
1597 1022 1687 1047 textu
1713 1027 1805 1057 quam
1832 1019 1861 1048 in
1888 1019 2030 1060 scholiis,

242 1084 336 1132 fij>
364 1084 492 1125 legitur.
544 1083 687 1121 Utraque
714 1092 779 1111 vox
807 1092 899 1121 quum
928 1083 986 1112 viri
1016 1092 1127 1112 nomen
1155 1082 1216 1122 sit,
1256 1085 1323 1112 uter
1350 1081 1509 1110 scribendi
1538 1080 1647 1110 {nodus
1675 1085 1785 1110 rectus
1812 1081 1872 1121 sit,
1911 1081 2031 1120 dubito,

243 1147 292 1176 vir
316 1148 398 1176 enim
426 1146 499 1176 mihi
526 1145 655 1185 ignotus
685 1150 754 1184 est3
794 1145 852 1174 sed
879 1145 1036 1174 Mersukii
1073 1149 1182 1174 textus
1220 1154 1314 1183 quum
1350 1148 1460 1172 nostro
1494 1143 1636 1172 veterior
1661 1143 1720 1182 sit,
1760 1142 1844 1172 illius
1871 1142 2032 1173 scribendi

244 1208 369 1238 modum
396 1208 639 1248 praeferendum
669 1208 790 1246 putavi.

1041 1301 1247 1334 CCXIX.

598 1366 738 1401 Dixit
767 1362 995 1400 Alkauffl
1030 1367 1242 1401 Cilabita
1272 1372 1401 1411 (conf.
1429 1373 1534 1402 Ham.
1563 1382 1592 1411 p.
1621 1370 1681 1410 55²).

245 1452 271 1481 I.
296 1451 399 1488 Quum
425 1461 489 1480 rem
510 1460 638 1488 yravem
662 1453 764 1479 animo
789 1454 901 1482 versut.
927 1453 1029 1479 noctis
1052 1454 1189 1487 [empore
1212 1460 1351 1478 moerore
1375 1450 1533 1487 adflictum
1559 1457 1594 1476 se
1610 1456 1672 1476 non
1688 1447 1768 1476 videt
1781 1455 1881 1484 neque
1896 1447 2035 1475 iumenta

1026 1507 1088 1543 ipsi
1110 1505 1260 1543 difficilia.

347 1573 459 1603 Virum
487 1573 636 1603 describit
665 1574 774 1604 fortem
802 1576 917 1615 animo,
946 1575 1009 1615 qui,
1038 1575 1065 1604 si
1093 1585 1144 1604 res
1173 1576 1284 1615 gravis
1312 1574 1340 1602 ei
1369 1572 1512 1602 obeunda
1540 1576 1602 1611 est,
1632 1581 1688 1610 per
1717 1562 1839 1600 noctem
1864 1571 1948 1600 curis
1974 1579 2035 1600 uon

247 1636 442 1676 deprimitur,
469 1636 525 1666 scd
551 1642 674 1675 promto
703 1637 834 1665 consilio
865 1647 934 1666 eam
962 1637 1159 1677 aggreditur.
1212 1637 1327 1666 Noctis
1354 1621 1541 1665 mentionem
1577 1635 1673 1674 fecit,
1711 1633 1793 1673 quod
1820 1636 1924 1663 noctis
1952 1638 2036 1664 tem-

247 1708 335 1739 pore,
365 1699 415 1728 ubi
443 1699 537 1728 rebus
565 1698 695 1728 distenti
728 1708 789 1727 non
825 1709 960 1739 sumus,
999 1709 1094 1729 curae
1127 1699 1260 1728 animum
1294 1703 1439 1727 nostruin
1466 1707 1623 1736 occupare
1650 1696 1764 1726 solent.
1817 1695 1976 1725 Suffixum
2005 1695 2036 1725 in

247 1770 329 1791 voce
357 1758 426 1797 &412
453 1760 491 1790 ad
520 1761 620 1799 ipsam
648 1770 828 1799 personam,
857 1771 950 1801 quam
979 1766 1074 1801 poeta
1100 1760 1218 1797 laudat,
1248 1760 1446 1790 referendum
1474 1766 1570 1801 puto,
1598 1765 1631 1790 ut
1659 1761 1688 1789 in
1716 1768 1830 1788 versus
1857 1759 2036 1798 posteriore

250 1839 337 1878 pa'rle
364 1840 396 1865 et
423 1835 557 1865 similem
586 1835 734 1875 loquendi
763 1835 887 1865 modum
915 1836 945 1864 in
973 1836 1082 1865 verbis
1109 1825 1177 1881 ζςλε
1204 1835 1295 1866 όᾼὲὶ
1328 1834 1351 1864 Lo
1381 1845 1494 1875 »quam
1533 1844 1647 1874 magno
1685 1843 1830 1863 moerore
1868 1842 1917 1862 me
1943 1833 2037 1863 adfe-

249 1893 353 1927 cistil«
384 1898 520 1927 invenio.
586 1899 716 1927 Moeror
743 1904 848 1928 autem
879 1908 897 1928 a
925 1898 1086 1939 ingenim,
1128 1899 1177 1937 qui
1212 1899 1347 1928 animum
1385 1902 1525 1926 nostruin
1560 1897 1650 1936 quasi
1679 1900 1865 1936 tegumento
1892 1895 2037 1931 involvit,

249 1959 426 1998 appellatus
453 1964 513 1989 est.
567 1959 634 1989 Res
665 1964 770 1989 autem
799 1960 952 2000 difficilis,
980 1970 1072 1999 quani
1104 1964 1175 2001 quis
1203 1961 1337 2002 aggredi
1365 1959 1495 1996 metuit,
1524 1969 1593 1988 cum
1620 1959 1760 1988 iumento
1786 1957 1923 1995 difficili,
1954 1957 2036 1997 quod

252 2022 423 2052 vehentem
451 2032 510 2051 non
538 2023 666 2061 patitur,
696 2027 877 2062 comparata
904 2028 962 2052 est.
1013 2023 1131 2053 Similis
1159 2024 1350 2062 comparatio
1377 2024 1469 2053 Ham.
1494 2031 1522 2061 p.
1542 2023 1578 2051 ΡὟ
1596 2031 1626 2050 v.
1645 2021 1675 2050 1.
1702 2019 1760 2050 mi*
1779 2030 1810 2049 v.
1828 2021 1859 2050 2.
1888 2020 2035 2050 occurrit.

254 2133 280 2161 1.
316 2133 480 2170 Proposito
503 2134 550 2160 rei
572 2133 716 2171 difficilis,
742 2144 835 2171 quum
861 2135 903 2162 ml
923 2144 992 2162 eum
1016 2135 1157 2163 ‹lez-erm.
1182 2136 1379 2162 cmlslanliae
1401 2134 1501 2162 cibum
1523 2133 1639 2167 obtulit,
1665 2135 1694 2160 et
1715 2133 1747 2159 in
1769 2132 1838 2159 eius
1852 2130 2040 2159 habitaculis

908 2197 999 2216 mnne
1023 2189 1131 2225 vulpes
1155 2189 1368 2216 circumibant.

353 2256 555 2295 Propositum
587 2265 653 2285 curu
683 2256 808 2295 hospite
835 2256 1025 2287 adveniente
1055 2258 1272 2297 comparavit,
1315 2258 1366 2296 qui
1394 2257 1432 2286 ab
1462 2257 1530 2296 ipso
1560 2255 1751 2286 fortitudinis
1781 2258 1813 2283 et
1837 2254 2038 2283 constantiae

257 2319 327 2348 cibo
355 2319 520 2357 excipitur.
573 2318 616 2348 Ut
646 2318 714 2347 viro
742 2328 901 2358 generoso
929 2320 1063 2359 hospitis
1092 2319 1252 2349 adventus
1279 2320 1425 2359 ingratus
1453 2328 1514 2347 non
1542 2323 1604 2358 cst,
1633 2323 1667 2347 ut
1691 2327 1762 2346 eum
1782 2316 1951 2346 liberaliter
1968 2315 2036 2344 cibo

255 2381 413 2419 excipiat,
453 2381 500 2410 sic
526 2380 597 2410 huic
622 2382 692 2409 viro
720 2382 765 2409 rei
792 2381 904 2420 gravis
931 2382 1156 2421 suscipiendae
1184 2381 1382 2420 propositum
1409 2381 1567 2421 ingratum
1595 2388 1656 2408 non
1683 2383 1744 2408 est.
1796 2378 1833 2407 Si
1858 2378 1933 2406 voci
1957 2374 2038 2426 {¹5³¹

256 2451 350 2471 casus
378 2443 582 2471 accusativus
611 2442 775 2479 tribuitur,
805 2442 852 2471 vir
880 2443 948 2481 ipsc
977 2444 1065 2473 verbi
1093 2445 1157 2485 533
1184 2443 1358 2473 subiectum
1387 2446 1456 2480 est,
1486 2441 1532 2471 sin
1560 2450 1654 2481 vern,
1684 2445 1717 2470 ut
1743 2440 1773 2468 in
1802 2437 1957 2468 Mersukii
1983 2447 2040 2467 co-
2076 2438 2079 2440 ’

257 2505 326 2534 dice
353 2504 504 2543 scriptum
531 2505 681 2546 legimus7
712 2506 785 2535 voci
812 2505 1027 2535 nominativus
1055 2506 1157 2543 datur,
1184 2505 1334 2535 fortitudo
1351 2502 1469 2554 (eL-355)
1485 2505 1554 2544 ipsa
1582 2513 1719 2543 persona
1746 2506 1808 2542 est,
1837 2511 1855 2531 a
1886 2511 1947 2541 qua
1964 2511 2040 2541 pro-

258 2567 392 2605 positum
420 2571 564 2605 tanquam
594 2567 713 2606 hospes
744 2567 912 2598 liberaliter
938 2567 1103 2606 excipitur.
1156 2567 1298 2597 Similem
1326 2566 1526 2606 comparandi
1554 2566 1678 2596 modum
1704 2564 1734 2594 in
1760 2564 1911 2594 versibus
1929 2564 2040 2594 Balahi
