2247 2865
1011 115 1279 146 —188-

260 223 325 254 Alii
339 221 454 259 dicunt,
468 230 540 251 eum
571 220 755 251 redeuntem
774 218 811 249 ab
824 216 1107 257 Ahbd-Aimalico,
1127 224 1220 255 quum
1238 214 1396 243 Medinam
1415 213 1475 243 iter
1495 212 1659 253 dirigeret,
1675 210 1849 240 ieiunasse.
1877 210 2002 240 Donum
2016 208 2043 249 ¹)

260 286 303 316 illi
329 287 489 324 petentes⁷
514 293 607 323 quum
637 283 736 312 cibum
763 281 896 320 primurn
923 279 953 309 in
978 279 1116 309 scutella
1142 278 1281 308 oblatum
1306 280 1340 305 et
1366 279 1431 305 tum
1447 284 1570 314 quoque
1591 276 1805 304 commeatum
1822 278 2045 312 recusassent,

261 356 318 377 eos
346 347 486 376 latrones
513 354 590 375 esse
617 343 765 384 cognovit
794 346 827 371 et
853 344 1007 380 apparatu
1032 338 1174 378 perfecto
1201 347 1271 367 cum
1307 339 1348 367 iis
1377 346 1526 377 pugnans
1554 346 1572 366 a
1597 335 1760 374 Bahdalo,
1797 335 1896 365 euius
1925 335 2047 375 sagitta

260 417 419 447 nunquam
447 407 623 441 aberraret,
650 405 734 435 ictus
761 402 885 434 cecidit.
913 403 1074 432 Latrones
1099 405 1206 431 autem
1233 409 1328 439 quum
1346 399 1573 438 impedimenta
1593 398 1784 429 invadentes
1803 398 1844 428 nil
1864 398 1937 436 tale,
1965 398 2048 436 quod

260 472 503 510 speravissent‚
539 467 736 506 invenirent,
770 469 892 495 terrore
917 463 1056 503 impleti,
1093 462 1135 491 nil
1162 462 1233 491 eius
1260 462 1445 502 diripientes
1473 462 1572 503 fugae
1598 472 1636 492 se
1662 462 1829 492 dederunt.
1871 462 1906 491 ln
1934 462 2047 492 itinere

260 538 367 565 autem
395 536 427 562 et
453 529 629 561 avunculus
656 537 673 558 e
701 531 800 569 gente
826 527 907 557 'l'hai
934 531 968 556 et
993 526 1102 566 plures
1128 525 1287 555 satellites
1314 534 1386 555 eum
1413 524 1555 555 comitati
1581 528 1687 571 erant.
1709 524 1769 554 Rei
1796 525 1905 554 nuntio
1925 524 2046 563 perlato

260 592 565 625 Ahbd-Almalicus
592 591 621 621 b.
649 591 797 620 Merwan
824 588 1034 619 Hischamum
1060 588 1090 617 b.
1124 586 1253 619 Ismaihl
1279 590 1429 620 Medinae
1468 588 1667 628 praefectum
1703 593 1736 618 et
1763 587 1990 628 Hadjdjadjum
2019 588 2048 618 b.

260 656 376 696 Ioseph
399 656 508 685 Iracae
533 653 741 695 praefectum,
769 657 801 684 et
826 651 1010 693 provinciae
1036 651 1198 682 Iemamah
1225 652 1440 692 praefectum,
1472 656 1506 682 ut
1533 650 1642 681 Auhni
1669 651 1834 681 occisores
1867 659 2049 689 perseque-

260 723 369 749 rentur
386 717 734 756 vehementissimaque
749 725 851 756 poena
869 715 1070 757 adfligerent,
1085 715 1199 745 litteris
1217 715 1322 748 iussit,
1359 715 1401 745 Et
1415 713 1587 744 latronibus
1603 712 1681 753 fuga
1694 712 1849 752 dispersis
1867 712 2048 742 Alsamha-

260 780 351 820 rijjus
378 784 492 809 terram
518 778 625 820 gentis
653 775 855 817 Ghathfan2)
883 777 1053 817 ingressus
1083 779 1121 808 ab
1150 778 1268 818 Ajjubo
1295 779 1325 808 b.
1354 776 1506 808 Salamah
1533 775 1750 806 Machsumita
1776 779 1923 814 arreptus
1951 780 1983 805 et
2011 774 2050 804 ad

259 842 466 872 Hischamum
494 841 523 870 b.
550 839 675 870 Ismaihl
703 839 818 870 duetus
846 846 908 870 est.
939 841 963 870 Ε
992 849 1134 878 carcere,
1157 841 1186 870 in
1214 851 1306 881 quem
1326 841 1490 871 coniectus
1519 842 1595 877 erat,
1612 837 1662 867 die
1679 837 1818 867 Veneris
1841 838 1870 867 in
1886 837 2047 866 hominum

261 903 409 934 socordia
435 899 580 943 fugiendi
607 902 811 932 occasionem
838 891 959 932 invenit
986 907 1018 933 et
1044 904 1180 933 vinculis
1219 905 1319 943 ruptis
1356 908 1388 932 et
1428 903 1563 932 abiectis
1602 901 1698 931 libere
1735 909 1792 939 per
1825 904 1950 929 noctem
1989 899 2048 929 iter

261 965 347 995 fec-it.
375 965 560 1004 Conspecta
587 968 694 994 autem
722 973 819 994 corvo
830 964 859 1001 ³)
876 965 904 993 iu
934 965 1062 995 sinisti-o
1085 966 1185 996 latei-e
1208 967 1236 995 in
1255 967 1367 995 arbore
1384 966 1462 1004 Ban,
1480 964 1530 1003 qui
1552 964 1685 993 evulsas
1706 963 1829 1002 plumas
1845 961 2046 1001 proficiebat,

261 1032 421 1068 pastorem
448 1037 466 1057 e
493 1032 590 1068 gente
614 1023 742 1069 Li11b⁴)‚
758 1027 805 1057 cui
832 1028 922 1067 genti
948 1025 1031 1071 rei5)
1059 1029 1169 1059 notitia
1193 1034 1294 1067 esset,
1314 1028 1386 1068 quid
1407 1028 1466 1057 hoc
1483 1027 1552 1056 viro
1586 1037 1604 1056 e
1631 1036 1759 1056 carcere
1783 1026 1917 1066 fugienti
1944 1024 2047 1065 signi-

261 1089 382 1130 ficaret,
411 1089 630 1130 interrogavit.
661 1089 840 1129 Respondit
868 1090 934 1119 ille:
964 1090 999 1120 Si
1027 1091 1097 1121 avis
1118 1101 1219 1121 verax
1245 1091 1297 1131 sit,
1326 1090 1405 1128 fore,
1433 1094 1468 1119 ut
1486 1089 1573 1119 cruci
1592 1088 1753 1129 adfigatur
1765 1086 1806 1127 8).
1835 1086 2050 1126 Samharijjus

261 1151 370 1180 verbis
398 1150 525 1191 auditis,
551 1150 580 1179 in
606 1160 660 1180 ore
688 1155 742 1181 tuo
767 1150 890 1190 lapides
919 1148 1039 1195 sint!⁷)
1067 1152 1104 1191 (i.
1120 1162 1146 1182 e.
1164 1157 1310 1182 mortuus
1337 1146 1420 1190 sisi)
1448 1150 1526 1180 (lixit
1553 1154 1586 1180 et
1612 1152 1666 1179 via
1692 1158 1832 1190 pergens
1874 1153 2050 1187 sequentes

261 1221 380 1242 versus
401 1216 503 1242 metro
518 1211 643 1242 'l'hawil
660 1212 787 1245 cecinit:
817 1214 906 1243 Heu
933 1208 1108 1243 domum!
1136 1223 1254 1253 quam
1283 1217 1321 1244 tu
1349 1212 1577 1252 relinquis;
1606 1217 1646 1242 at
1673 1221 1806 1250 neque
1834 1210 2051 1240 oblivioni

261 1274 421 1304 tradita
448 1283 576 1313 neque
605 1278 688 1305 ate
714 1275 898 1305 visitata
925 1276 1014 1306 erit.
1067 1276 1130 1305 Me
1168 1275 1380 1313 deiectat,
1417 1274 1523 1314 quod
1555 1274 1773 1305 hastarum
1812 1273 2052 1315 fragmenta

261 1336 514 1376 conspiciam
541 1341 580 1367 et
605 1341 850 1377 prostratos
882 1341 1067 1368 armatos
1096 1339 1131 1368 in
1159 1348 1314 1380 pugna,
1353 1339 1416 1368 cui
1451 1346 1530 1379 ego
1560 1346 1763 1377 praesens
1791 1345 1886 1366 sum.
1938 1336 1989 1365 Et
2017 1335 2051 1366 si

277 1451 309 1483 1)
328 1454 497 1477 Vocabulum
517 1449 613 1493 mx?
631 1455 736 1485 proprie
754 1455 780 1479 id
799 1456 936 1486 designat,
955 1456 1024 1485 quod
1044 1455 1123 1479 alteri
1143 1455 1273 1483 offertur,
1292 1455 1349 1478 sive
1369 1455 1444 1478 cibus
1464 1458 1503 1478 est
1523 1455 1582 1479 sive
1601 1456 1708 1479 donum.
1745 1456 1816 1479 Haec
1835 1461 1938 1485 quoque
1957 1461 1999 1478 res
2019 1454 2046 1478 in

327 1509 410 1527 causa
428 1508 496 1533 erat,
516 1511 565 1528 cur
584 1505 694 1534 primum
714 1505 796 1531 cibus.
815 1508 868 1528 tum
888 1509 1052 1530 commeatus
1071 1507 1224 1530 latronibus
1244 1505 1397 1530 offerretur.
1416 1507 1481 1529 Tum
1501 1507 1597 1529 donum
1618 1508 1673 1537 est,
1693 1507 1762 1536 quod
1782 1506 1841 1535 quis
1859 1505 1933 1536 genti
1952 1512 1983 1528 ex
2003 1505 2050 1528 iti-

327 1555 390 1572 nere
409 1550 513 1572 rediens
532 1550 668 1579 adportat.
705 1551 779 1574 Hauc
798 1550 1022 1581 significationem
1043 1551 1101 1575 voci
1129 1552 1251 1575 lati-ones
1270 1553 1374 1575 dedisse
1400 1553 1534 1576 videntur.
1571 1553 1753 1576 Accusat-ivus
1782 1560 1812 1575 ex
1837 1553 1937 1576 omisso
1967 1552 2050 1576 verbo

328 1622 369 1638 ex.
388 1622 429 1646 gr.
448 1595 528 1654 dog:
547 1617 651 1646 pendet.

280 1680 315 1712 2]
334 1682 406 1705 Gens
424 1682 477 1705 ista
494 1683 686 1706 Mohammedis
705 1685 823 1712 tempore
842 1684 867 1707 in
887 1686 963 1707 terra
981 1683 1066 1715 Nedjd
1086 1685 1302 1714 frequentissima
1322 1685 1405 1708 fuisse
1426 1686 1540 1710 videtur.
1559 1685 1652 1709 Abulf.
1672 1687 1741 1709 Anu.
1761 1686 1791 1709 T.
1811 1687 1832 1709 1.
1852 1693 1877 1716 p.
1899 1686 1958 1709 ios.

278 1727 311 1759 3)
331 1729 402 1752 inter
421 1729 541 1752 diversas
560 1733 657 1760 gentes
677 1730 768 1753 variae
788 1730 837 1753 hac
856 1731 888 1754 de
908 1737 937 1754 re
957 1731 1110 1761 opiniones;
1128 1733 1172 1754 sed
1194 1732 1281 1761 plures
1301 1736 1378 1755 eraut
1397 1738 1513 1763 causac,
1534 1739 1583 1756 cur
1607 1736 1701 1762 pastor
1728 1732 1872 1762 pessimum
1898 1738 1973 1755 omen
1994 1738 2052 1755 esse

324 1777 439 1805 putaret.
475 1774 582 1798 Corvus
601 1775 670 1798 intei-
689 1782 780 1798 omues
800 1782 842 1798 res
862 1777 1001 1805 pessimum
1021 1783 1096 1801 omen
1118 1777 1284 1808 porrigebat,
1304 1779 1400 1808 quippe
1420 1779 1445 1801 in
1465 1785 1516 1808 quo
1535 1779 1670 1802 discessus
1696 1780 1728 1803 ab
1753 1780 1843 1802 amicis
1871 1785 1946 1802 omen
1966 1782 2048 1802 autu-

326 1828 434 1851 mabant
452 1827 557 1859 (conf.
575 1829 652 1853 Meid.
676 1830 814 1861 13‚123.).
851 1831 914 1854 Erat
934 1832 973 1855 hic
991 1838 1093 1856 corvus
1113 1833 1137 1856 in
1149 1833 1246 1855 arbore
1265 1828 1331 1872 Ota,
1351 1839 1402 1862 qua
1416 1839 1482 1856 voce
1502 1835 1590 1857 eadem
1610 1834 1748 1863 separatio
1767 1834 1926 1864 designatur
1944 1833 2050 1860 (conf.

330 1886 425 1903 versus
443 1880 558 1903 Meidan.
577 1881 607 1904 Τ.
626 1880 646 1904 1.
666 1887 690 1910 p.
709 1881 796 1911 696.).
833 1882 941 1905 Corvus
961 1882 986 1905 in
1005 1883 1091 1906 latere
1115 1883 1226 1906 sinistro
1254 1886 1312 1905 erat
1336 1883 1439 1912 (conf.
1464 1882 1542 1906 Meid.
1563 1884 1591 1907 C.
1617 1884 1661 1914 24,
1680 1884 1768 1911 4093.
1806 1884 1913 1908 Corvus
1938 1883 2050 1914 denique

329 1932 432 1961 plumas
450 1932 549 1955 evulsit
568 1933 742 1963 dispersitque
761 1936 846 1958 cous.
866 1936 939 1958 Ham.
960 1942 983 1965 p.
1003 1936 1041 1963 50⁴1
1063 1938 1080 1960 l.
1102 1937 1144 1960 10.

279 1984 311 2016 4)
329 1986 369 2009 Ex
389 1989 506 2016 tempore
524 1992 585 2011 ante
604 1989 728 2012 lslamum
749 1990 779 2012 de
798 1990 930 2014 ominibus
949 1992 1088 2021 opiniones
1108 1993 1133 2015 in
1152 1993 1254 2016 seriora
1273 1996 1393 2023 tempora
1411 1993 1479 2016 inter
1499 1991 1615 2015 homines
1635 1996 1800 2022 propagatae
1819 1997 1891 2023 sunt,
1910 1993 1950 2015 ita
1976 1995 2004 2016 ut
2022 1992 2049 2016 in

327 2032 482 2061 quibusdam
501 2034 624 2064 gentibus
642 2041 730 2059 rerum
749 2036 842 2059 talium
862 2036 976 2060 scientia
994 2040 1158 2060 conservata
1176 2041 1324 2066 putaretur.

278 2084 311 2115 5)
330 2084 450 2109 scientia
468 2094 499 2109 ex
519 2088 608 2111 avium
629 2089 724 2112 volatu
743 2089 839 2113 ominis
857 2091 1041 2120 cognoscendi
1053 2097 1117 2133 ἰῷ)
1138 2093 1276 2121 appellata
1295 2098 1361 2117 erat.
1397 2094 1499 2117 Nomen
1518 2094 1576 2117 sine
1588 2093 1668 2117 dubio
1687 2100 1720 2116 ex
1739 2100 1770 2117 eo
1786 2097 1883 2123 ortum,
1899 2093 1970 2122 quod
1988 2098 2052 2116 aves

330 2140 342 2156 e
360 2133 423 2157 loco
441 2135 625 2165 subigebantur.
644 2137 693 2160 Vir
711 2137 839 2161 scientiae
857 2144 958 2169 gnarus
973 2131 1045 2181 pi)-
1067 2147 1159 2165 numen
1179 2144 1299 2172 gerebat.
1336 2144 1432 2167 Habuit
1449 2150 1553 2174 quoque
1562 2150 1657 2167 nomen
1679 2138 1775 2177 hb,
1795 2145 1865 2174 quod
1875 2144 1941 2167 duas
1964 2143 2053 2166 lineas

329 2184 451 2213 ducebat,
471 2188 508 2213 ut,
527 2186 552 2208 ni
572 2187 662 2217 fallor,
673 2187 765 2211 lateris
784 2188 885 2212 sinistri
905 2192 930 2212 et
949 2190 1050 2213 dexteri
1071 2191 1135 2214 fines
1153 2194 1305 2217 accuratius
1324 2195 1446 2218 definiret
1478 2195 1565 2218 conf.
1594 2195 1672 2218 Meid.
1701 2194 1728 2219 C.
1753 2194 1795 2224 13,
1817 2194 1878 2217 127.
1905 2198 1931 2218 et
1951 2193 2047 2217 Diwan

330 2239 527 2262 Amru-I’Kaisi
546 2247 569 2269 p.
589 2237 628 2265 ἾΛ.

282 2302 313 2332 6)
335 2302 414 2326 Cruci
433 2302 513 2333 adfigi
532 2309 616 2333 poena
635 2304 826 2334 antiquissimis
846 2306 1009 2336 temporibus
1028 2307 1130 2331 usitata
1157 2313 1213 2333 erat
1244 2310 1343 2341 (conf.
1373 2313 1447 2335 Ham.
1473 2319 1496 2341 p.
1517 2310 1552 2338 iio
1570 2311 1670 2343 ευριπ).
1706 2312 1866 2341 Praecipue.
1884 2314 1911 2334 ut
1930 2310 1989 2333 mihi
2010 2310 2051 2333 vi-

332 2354 419 2385 detur,
438 2354 462 2378 in
482 2355 569 2377 servis
589 2355 705 2378 adhibita
723 2362 818 2384 paena,
836 2357 959 2380 dedecori
979 2360 1046 2387 erat,
1067 2361 1094 2381 ut
1114 2359 1138 2382 in
1159 2359 1223 2388 ipsis
1251 2361 1363 2384 mortuis
1389 2361 1568 2385 adhiberetur.
1601 2362 1690 2386 Abuif.
1720 2364 1787 2385 Anu.
1814 2362 1842 2385 Τ.
1863 2362 1880 2384 Ι.
1903 2362 1963 2384 adn.
1982 2360 2048 2384 226.

330 2402 510 2425 Abu-Becrus
529 2401 699 2425 latrocinium
719 2408 749 2424 eo
769 2402 928 2431 puniendum
949 2403 1035 2433 iussit,
1056 2408 1083 2428 ut
1103 2406 1203 2436 ligatus
1223 2407 1247 2430 in
1267 2408 1352 2438 ignem
1378 2408 1489 2432 init-crus
1516 2412 1680 2433 cremaretur
1707 2409 1795 2432 conf.
1822 2407 1901 2432 Meid.
1920 2407 1965 2437 26,
1987 2407 2049 2430 105.

331 2449 485 2473 Sertoribus
504 2449 667 2479 temporibus
686 2449 740 2472 ista
758 2455 844 2478 poena
863 2449 986 2479 frequens
1003 2453 1069 2474 erat.
1097 2452 1187 2475 cons.
1212 2453 1270 2476 libr.
1299 2460 1400 2477 meum:
1428 2455 1546 2484 Regnum
1575 2453 1832 2478 saahd-Aldauiae
1859 2459 1882 2482 p.
1904 2453 1946 2476 18.
1976 2459 2049 2476 vers.

332 2496 423 2519 Abulf.
444 2497 512 2519 Anu.
531 2497 560 2519 T.
580 2497 611 2519 il.
630 2503 655 2525 p.
678 2495 739 2519 174.
886 2494 889 2497 “

284 2549 314 2582 7)
334 2551 450 2574 Eandem
462 2551 685 2582 significationem
697 2553 792 2576 habere
803 2555 865 2582 puto
878 2553 970 2582 verba,
984 2558 1049 2582 quae
1061 2553 1150 2576 verbis
1161 2555 1215 2576 est:
1233 2546 1330 2593 gais‘ssa'i
1351 2546 1421 2578 3225
1441 2554 1468 2586 ὅ
1487 2554 1533 2578 »In
1547 2561 1593 2578 ore
1612 2556 1658 2577 tuo
1678 2556 1749 2577 terra
1766 2551 1828 2576 sm«
1865 2551 2050 2576 proverbialis

333 2592 458 2623 loquendi
477 2594 569 2617 modus
589 2597 640 2625 est,
659 2594 690 2617 de
709 2600 761 2624 quo
782 2594 869 2618 conf.
889 2594 967 2618 Meid.
987 2594 1020 2625 ΙΙ,
1040 2595 1084 2618 36.
