2247 2865
970 73 1238 104 —627—

203 179 308 206 sumta
336 173 497 204 describit.
549 173 624 203 Vox
649 170 747 216 tsssls
774 181 867 212 quum
896 172 1027 202 articulo
1057 177 1186 210 careat,
1221 177 1368 212 tanquam
1395 182 1511 204 nomen
1539 176 1696 215 proprium
1723 181 1828 208 terrae
1853 179 1990 218 positum

204 241 266 265 est.
320 235 354 264 ln
380 234 511 264 vocibus
530 231 589 281 )lj-3
616 233 678 274 &ql
706 234 842 263 litterani
872 234 941 263 Alis
965 235 1120 264 llumzam
1157 235 1309 273 obtinuit,
1349 240 1382 265 ut
1416 242 1517 266 metro
1552 239 1738 269 satisfieret.
1788 241 1990 272 Scholiastes

208 297 288 327 idern
316 297 345 326 in
373 301 533 337 sequente
561 297 693 326 inveniri
721 295 886 326 adnotavit
912 295 1016 338 (metr.
1045 295 1205 338 'l'hnwil):
1237 298 1370 336 Quum
1399 304 1607 330 secretum
1635 300 1681 330 ad
1711 303 1853 340 plures
1880 314 1990 343 quarn

203 359 312 389 duas
341 368 551 398 personas
580 359 770 398 transit,
798 358 1068 400 divulgando
1098 363 1134 390 et
1162 360 1357 400 augendo
1386 361 1610 391 delatorum
1640 362 1788 394 fornax
1817 366 1881 397 sit.
1918 370 1990 400 Ne-

201 422 389 452 cessitatem
418 425 534 459 autem,
562 430 623 459 qua
650 420 756 450 littera
783 430 853 451 cum
883 421 1005 451 Wcztn
1032 423 1186 452 llamzum
1214 423 1360 462 accipiat,
1387 423 1523 453 maxime
1550 425 1580 454 in
1607 427 1782 457 nominibus
1809 429 1990 469 frequente.-

202 483 352 513 adhibitis
381 484 524 516 inveniri.
576 484 720 513 Litteras
749 484 817 513 Alis
841 494 912 514 curn
941 484 1063 514 u'ezla
1089 490 1195 514 autern
1223 485 1394 524 praecipue
1421 486 1450 514 in
1477 486 1585 515 verbis
1613 488 1714 519 locum
1745 489 1873 532 hahere,
1903 498 1933 523 ut
1961 496 1989 524 in

203 547 383 576 nominibus
403 556 530 577 numero
557 546 680 576 deliniri
707 547 841 587 possint,
869 546 1024 585 siquidem
1050 547 1078 576 in
1105 547 1277 577 nominibus
1305 548 1439 578 actionis
1467 550 1570 580 locum
1587 561 1647 581 non
1665 552 1770 583 habet.
1797 555 1933 586 Nonnisi
1960 558 1989 587 iu

204 609 314 640 decem
341 610 520 639 nominibus
549 610 654 639 littera
684 619 755 640 cum
783 609 904 639 u'ezla
931 609 1091 638 invenitur
1126 608 1224 638 conf.
1253 608 1363 640 Gram.
1393 610 1448 640 Ar.
1477 611 1553 644 '1‘.1.
1582 622 1610 651 p.
1634 613 1690 644 66.
1742 616 1784 645 Et
1811 617 1838 646 si
1867 628 1919 648 res
1947 620 1990 651 ita

202 680 239 701 se
265 670 401 709 habeat,
435 672 620 711 plerumque
648 674 678 701 in
705 671 878 701 nominibus
914 671 1048 701 litteram
1075 669 1144 700 Alit
1170 680 1239 701 cum
1266 671 1391 702 llamza
1425 674 1566 712 reperiri.
1618 676 1773 708 Litteram
1799 679 1990 714 llamzatam

203 733 301 773 igitur
327 734 357 763 in
384 735 560 764 nominibus
587 735 726 774 placere,
753 735 814 765 etsi
843 734 933 764 metri
960 742 1059 765 causa
1083 733 1234 764 U'ezlam
1261 735 1411 773 accipere
1431 738 1545 774 possit.

203 843 257 873 19.
290 844 320 872 11·
339 844 400 872 duo
423 847 526 874 terrae
549 845 650 874 lutera
673 849 767 880 sunl,
793 855 874 884 qnae
895 846 925 874 si
945 847 1226 878 connumerentur,
1261 848 1346 873 terra
1368 847 1449 874 inter
1471 848 1628 877 meridiem
1649 854 1680 879 et
1701 852 1815 882 vallum
1839 852 1988 894 (septen-

880 898 1033 940 trionem)
1057 904 1308 929 commoreretur.

305 978 458 1010 Gentium
486 980 618 1011 duarum
647 982 893 1022 magnitudinem
923 988 953 1012 et
983 983 1156 1022 potentiam
1184 983 1336 1014 describit
1364 984 1482 1023 dicens,
1511 995 1567 1016 eas
1595 992 1699 1019 terrae
1727 990 1826 1022 latera
1841 994 1989 1033 amplecti

204 1046 237 1070 et
275 1046 373 1071 totam
409 1048 525 1072 terram
553 1053 571 1073 a
599 1043 728 1073 meridie
764 1053 866 1082 usque
901 1044 940 1074 ad
968 1045 1118 1085 regiones
1151 1045 1420 1083 septentrionales
1459 1051 1579 1077 tenere.
1631 1049 1720 1079 llaec
1755 1052 1793 1081 ad
1819 1055 1989 1087 verborum

206 1112 334 1134 sensum
362 1113 432 1133 nonv
450 1104 657 1145 intelligenda
684 1115 772 1146 esse,
802 1115 894 1135 nemo
921 1115 982 1136 non
1010 1106 1109 1136 videt.
1161 1106 1420 1145 Septentrionem
1448 1117 1509 1136 non
1536 1117 1595 1138 suo
1622 1112 1748 1150 proprio
1764 1117 1904 1156 nomine3
1931 1118 1990 1147 sed

206 1175 289 1196 voce
317 1164 404 1194 oxa-55
432 1166 586 1198 definivit.
640 1167 849 1198 Grammatici
875 1168 999 1209 dieunt,
1027 1177 1162 1206 vocem,
1189 1169 1216 1198 si
1243 1168 1347 1198 vocali
1372 1168 1475 1198 Fatha
1502 1172 1747 1214 pronuncietur,
1776 1177 1893 1208 vallum
1921 1185 1990 1212 arte

208 1228 350 1268 factum,
386 1229 434 1258 sin
465 1229 608 1259 vocalem
634 1230 790 1260 Dhamma
820 1231 956 1269 habeat,
993 1231 1105 1260 natura
1142 1235 1244 1260 ortum
1271 1230 1454 1270 significari.
1506 1231 1708 1264 scholiastes
1743 1237 1923 1280 adnotavit,
1960 1242 1990 1272 in

210 1297 309 1318 versu
336 1289 452 1319 vallum
481 1289 566 1330 Gogi
592 1288 697 1343 ερὲς
723 1293 782 1319 dm
808 1291 988 1331 significari.
1042 1291 1133 1322 Gens
1162 1292 1290 1332 Jadjudj
1319 1292 1432 1332 (Gog)
1466 1302 1537 1323 cum
1572 1300 1670 1335 gente
1696 1298 1811 1349 δρία
1837 1298 1991 1345 (Magog)

207 1350 375 1380 coniuncta
413 1360 486 1380 esse
514 1351 606 1381 solet.
660 1352 787 1382 Vallum
816 1353 902 1393 Gogi
940 1358 973 1383 et
999 1354 1134 1394 Magogi
1168 1355 1196 1384 in
1225 1354 1350 1384 Corano
1379 1356 1451 1385 Sur.
1484 1356 1545 1394 18,
1573 1357 1629 1388 93.
1657 1363 1772 1391 mentio
1807 1363 1893 1395 sacta
1926 1372 1989 1407 est,

207 1415 298 1444 cuius
326 1423 406 1453 opus
434 1414 636 1444 admiratione
663 1414 791 1455 dignum
815 1416 999 1445 Alexandro
1030 1412 1317 1455 (Dsu-l’Karnain)
1346 1418 1500 1451 tribuitur,
1552 1420 1586 1449 ln
1614 1421 1730 1452 Corani
1756 1424 1824 1455 loco
1844 1437 1908 1458 vox
1928 1421 2014 1461 tam*

207 1486 279 1507 cum
315 1477 417 1507 vocali
444 1477 546 1507 Fatha
573 1487 663 1516 quam
691 1487 759 1508 cum
786 1478 890 1508 vocali
917 1478 1072 1508 Dhamma
1100 1480 1336 1517 pronunciatur.
1390 1479 1515 1509 Arabes
1550 1481 1647 1521 igitur
1680 1484 1796 1515 vallum
1825 1490 1909 1519 istud
1937 1498 1992 1523 aut

207 1543 275 1568 arte
304 1538 419 1569 sactum
448 1543 500 1570 aut
529 1541 640 1569 natura
668 1545 768 1570 ortum
799 1550 874 1570 esse
903 1545 1060 1580 putarunt.
1115 1540 1176 1578 Qui
1202 1540 1298 1570 istum
1324 1550 1446 1571 murum
1475 1548 1582 1573 contra
1612 1550 1727 1585 gentes
1754 1553 1993 1589 septentriona-

209 1602 257 1631 les
286 1607 540 1642 exstruxerunt,
570 1608 693 1632 montes
723 1603 884 1641 collesque
911 1605 941 1632 in
969 1612 1058 1632 usum
1084 1612 1177 1632 suum
1206 1602 1427 1633 adhibuerunt.
1480 1605 1638 1636 Abulfeda
1664 1608 1693 1638 iu
1720 1609 1928 1653 Geograpln'a
1954 1617 1992 1647 de

208 1663 364 1693 montibus
399 1670 515 1704 gentes
542 1664 617 1705 Gog
651 1670 682 1694 et
712 1666 836 1705 Magog
872 1664 1140 1695 circumdantibus
1171 1665 1308 1704 loquitur
1334 1666 1382 1704 (p.
1409 1667 1476 1705 Μ).
1530 1668 1656 1699 Vallum
1685 1670 1774 1712 Gogi
1800 1680 1832 1703 et
1858 1677 1993 1720 Magogi

209 1725 320 1756 ibidem
349 1736 378 1766 p.
407 1729 429 1754 Γ·
457 1733 659 1757 memoratur.
712 1728 848 1757 Dubium
876 1736 952 1756 esse
981 1736 1041 1756 non
1069 1729 1191 1766 potest,
1218 1726 1279 1755 isto
1307 1728 1391 1756 vallo
1415 1738 1534 1758 murum
1561 1731 1754 1773 significari,
1783 1745 1842 1774 quo
1873 1738 1994 1771 Chinae

210 1794 297 1818 terra
323 1799 341 1818 a
367 1790 671 1827 septentrionalibus
700 1789 882 1830 regionibus
899 1789 1123 1830 Mongolorum
1149 1792 1179 1817 et
1206 1789 1313 1828 gentis
1340 1790 1470 1829 Maudju
1498 1798 1677 1830 separatur.
1730 1796 1848 1828 Terrae
1877 1808 1993 1843 autem,

211 1858 293 1888 quas
326 1851 409 1878 istae
444 1856 559 1889 gentes
595 1850 734 1880 incolere
769 1850 934 1891 dicuntur,
971 1851 1080 1878 miram
1108 1850 1352 1889 magnitudinem
1383 1853 1559 1892 geographi
1586 1860 1716 1885 veteres
1745 1859 1891 1890 tribuere.
1943 1864 1993 1895 Ex

212 1910 412 1952 geographia
438 1912 594 1942 Nubiensi
622 1922 651 1951 p.
672 1912 754 1942 249.
782 1912 940 1950 videmus,
967 1920 1080 1941 nomen
1100 1910 1177 1952 Gog
1199 1917 1314 1952 gentes
1343 1918 1458 1942 terram
1476 1914 1667 1946 Chinensem
1696 1917 1879 1951 adiacentes
1906 1933 1994 1955 com-

214 1972 328 2011 plecti,
374 1983 487 2002 nomen
523 1974 650 2015 Magog
684 1975 714 2003 in
752 1976 969 2014 septentrione
1009 1983 1130 2004 summo
1167 1974 1367 2014 habitantes,
1410 1975 1524 2014 quippe
1562 1978 1674 2016 quibus
1709 1986 1833 2012 statura
1870 1985 1994 2017 brevior

211 2040 245 2065 et
270 2034 415 2065 sabulosa
450 2035 660 2065 adscribatur.
714 2036 871 2067 Abull'eda
899 2047 928 2076 p.
957 2039 999 2066 ΓὶΙ·
1025 2046 1137 2067 nomeu
1166 2035 1243 2077 Gog
1269 2041 1301 2066 et
1333 2037 1456 2077 Magog
1488 2039 1676 2071 arctioribus
1712 2042 1825 2074 finibus
1862 2048 1993 2079 circum-

213 2098 353 2137 scripsit,
381 2097 515 2136 loquitur
543 2098 623 2127 enim
651 2098 690 2127 de
719 2099 812 2128 terris
845 2104 971 2138 praeter
999 2100 1161 2140 regionem
1189 2097 1266 2138 Gog
1293 2103 1325 2127 et
1352 2099 1488 2139 Magog,
1516 2109 1643 2138 quarum
1670 2105 1780 2135 nomia
1807 2107 1845 2136 ad
1869 2110 1993 2140 Arabes

213 2169 274 2189 non
303 2161 495 2198 pervenerit.
549 2161 622 2190 Vox
651 2154 713 2189 Ost
741 2170 783 2190 ex
811 2160 937 2190 lieentia
963 2161 1085 2200 poetica
1113 2169 1169 2200 pro
1196 2153 1297 2204 05⁹⁸&le
1325 2166 1372 2207 est
1400 2161 1502 2190 conf.
1531 2163 1645 2193 Diu-an
1666 2167 1894 2199 Amru-l'h'aisi
1913 2171 1995 2210 pf?

213 2231 245 2250 v.
275 2219 306 2250 3.
335 2226 367 2249 et
396 2220 546 2250 Darstell.
580 2221 608 2251 d.
643 2222 739 2251 Arab.
768 2222 953 2251 Verskunst
986 2231 1015 2260 p.
1044 2222 1124 2252 475.
1178 2223 1248 2252 Hoc
1284 2232 1406 2262 quoque
1443 2223 1472 2252 in
1506 2233 1604 2254 versu
1637 2233 1791 2265 sequente
1817 2231 1994 2264 invenimus

214 2284 326 2321 (metr.
358 2282 503 2321 CameU:
544 2281 570 2312 Ο
599 2282 679 2312 duo
707 2283 794 2313 filii
822 2282 1000 2313 eolaibi!
1029 2284 1168 2322 patrui
1195 2285 1271 2314 mei
1299 2289 1419 2326 sunt,
1453 2286 1512 2325 qui
1541 2296 1659 2327 reges
1687 2290 1928 2324 occiderunt
1954 2302 1993 2326 et

214 2344 391 2374 vincula
420 2349 635 2383 ruperunt.
