2247 2865
1092 107 1152 129 vm

243 196 385 226 nfelicem
417 202 453 223 se
476 193 593 222 sentiat
625 202 656 232 p.
677 191 749 222 813.
777 190 846 221 814.
869 190 940 220 816.
967 189 1038 219 817.
1061 194 1115 219 aut
1138 189 1176 219 ob
1201 196 1318 218 causas
1347 186 1437 217 nobis
1459 185 1586 226 ignotas
1615 184 1774 224 vituperat
1795 195 1824 225 p.
1854 185 1924 217 815.
1945 185 2016 215 816.

232 251 266 279 Ιι]
289 249 367 279 locis
396 248 473 277 Nro.
499 246 546 276 17.
571 246 616 277 18,
639 255 675 275 sc
697 255 714 275 e
735 254 846 274 somno
871 243 1133 282 expergefactum
1157 242 1319 280 describit,
1351 246 1383 269 ut
1406 249 1447 269 ex
1469 240 1626 279 versibus,
1650 239 1806 279 quomodo
1829 246 2018 280 argumento

232 303 344 342 capitis
373 301 504 342 congrui
527 302 603 338 sint,
634 310 694 329 non
717 299 879 338 adpareat.
923 296 1067 337 Cogitari
1090 295 1216 335 quidem
1240 297 1355 332 potest,
1384 298 1509 331 poetam
1533 301 1647 331 corpus
1677 293 1785 322 uxoris
1817 295 2017 324 macilentum

232 357 406 395 durumque
428 358 610 394 tangentem
633 364 650 383 e
673 362 783 382 somno
807 351 977 382 excitatum
1001 359 1091 387 esse3
1119 348 1175 379 sed
1200 347 1382 378 Mersukius
1407 347 1444 375 iis
1466 346 1497 375 in
1520 347 1624 385 capite
1647 345 1891 384 descriptionum
1913 347 2018 385 potius

230 411 334 441 locum
364 408 500 438 dandum
531 408 634 437 fuisse
664 404 834 435 contendit.
885 404 919 432 In
943 403 1021 432 locis
1051 403 1129 432 Nro.
1154 402 1202 432 12.
1228 401 1273 431 13.
1298 402 1344 432 14.
1377 409 1470 441 quum
1493 399 1552 429 viri
1574 401 1665 439 parvi
1693 399 1840 439 foedique
1867 399 2017 440 descripti

230 464 302 499 sint,
329 463 418 492 titulo
440 462 508 492 libri
534 460 736 490 consentanei
758 467 819 487 non
842 461 924 486 sunt.

313 516 432 545 Decem
456 514 589 553 capitum
613 516 831 551 argumentum
851 510 1149 550 dispositionemque
1168 509 1317 539 memoria
1329 511 1510 547 repetentes
1530 508 1840 538 Abu-Tammamum
1856 509 2016 538 titulorum

231 570 325 601 anxia
349 569 424 599 cura
446 567 567 597 abiecta
584 576 653 595 cum
673 569 859 604 argumento
883 569 938 593 aut
960 573 1069 603 parum
1092 567 1145 592 aut
1166 572 1295 601 prorsus
1318 572 1378 592 non
1400 563 1610 594 cohaerentes
1632 572 1747 593 versus
1769 564 1945 603 recepisse,
1970 565 2020 593 si-

231 634 283 663 ve,
307 623 389 663 quod
406 622 433 650 ei
449 621 578 650 multum
603 621 772 659 placerent,
796 619 867 648 sive
890 618 958 647 aliis
982 620 1089 648 causis
1111 617 1281 648 adductum
1303 618 1463 658 videmus,
1477 623 1539 648 tum
1554 619 1584 649 in
1606 618 1674 648 libri
1695 622 1884 658 argumento
1907 617 2020 658 dispo-

231 677 332 708 nendo
356 685 444 706 suam
468 675 616 705 rationem
640 678 784 704 secutum
808 683 894 713 esse,
923 672 966 703 ita
989 678 1021 703 ut
1043 672 1118 703 ordo
1143 673 1321 712 modusque
1344 672 1383 702 ab
1407 682 1457 712 eo,
1489 682 1581 713 quem
1604 673 1715 703 Ahlius
1737 673 1765 703 b.
1788 672 2018 713 Abu-l'Faradj

232 731 402 761 Bazrensis
420 730 448 758 in
471 729 546 757 libro
570 737 643 758 suo:
667 727 781 773 24:352&
809 719 927 761 &mugi
952 726 1115 766 inscripto,
1145 736 1227 756 anno
1249 725 1319 757 647.
1342 727 1520 765 composito
1555 726 1713 766 exposuit,
1742 734 1804 756 nec
1825 735 1885 756 non
1908 725 1948 756 ab
1970 735 2021 765 eo,

231 789 362 820 cuiusin
377 788 452 818 libro
477 796 562 816 meo:
586 786 810 825 ”Darstellung
835 785 863 817 d.
881 786 977 818 Arab.
997 785 1198 815 Verskunstcc
1221 794 1248 823 p.
1271 783 1342 814 381.
1366 792 1413 823 sq.
1436 784 1625 814 mentionem
1651 783 1727 824 feci,
1751 784 1918 824 discrepet.
1949 783 2022 814 Ah-

231 847 291 876 lius
331 844 382 875 ille
423 849 487 874 tres
528 852 581 872 res
627 843 726 881 cani,
764 846 854 882 μὰψ,
880 847 913 873 et
940 840 1006 894 gxi-0
1027 841 1206 882 coniunxit,
1245 844 1354 870 noster
1386 831 1467 870 duas
1493 840 1564 871 illas
1591 850 1646 870 res
1671 838 1788 870 &timii
1807 846 1840 872 et
1867 838 1938 893 {xm
1963 851 2022 871 se-

230 902 363 940 paravit.
408 900 457 929 Ex
488 898 670 934 serioribus,
698 899 751 937 qui
781 898 871 937 varii,
897 898 979 938 quod
1002 898 1031 927 in
1055 897 1144 937 poesi
1174 899 1338 934 tractatur,
1368 895 1546 935 argumenti
1574 895 1764 925 mentionem
1793 895 1938 936 fecerint,
1969 899 2022 925 aut

230 957 288 985 iter
311 953 612 991 somnolentiamque
635 955 689 981 aut
711 951 984 991 vituperationem,
1010 952 1039 981 in
1053 961 1145 991 quam
1168 952 1314 981 mulieres
1335 951 1461 990 cadant,
1483 951 1513 981 in
1536 950 1645 991 poesis
1667 956 1857 990 argumento
1880 959 2022 981 comme-

232 1018 384 1045 morasse,
409 1008 525 1037 nullum
548 1007 623 1037 scio.
666 1006 765 1036 Hisce
788 1011 893 1036 autem
917 1005 956 1035 de
979 1006 1074 1035 rebus
1095 1006 1238 1045 incapite
1257 1006 1419 1035 Hamasae
1441 1010 1558 1035 octavo
1581 1004 1767 1045 decimoque
1789 1009 1954 1035 tractatur.
1976 1004 2021 1035 Ut

230 1064 366 1102 septimi.
376 1067 406 1091 et
431 1062 537 1090 octavi
560 1060 673 1100 capitis
696 1065 918 1099 argumentum
941 1059 981 1089 ad
1012 1059 1242 1099 descriptiones
1275 1061 1399 1100 proprie
1421 1061 1577 1100 pertinet,
1608 1062 1657 1091 sic
1691 1061 1805 1092 decimi
1828 1062 1896 1092 libri
1919 1070 2019 1101 argu-

231 1123 367 1148 mentum
392 1118 565 1156 satyricum
591 1121 648 1145 est.
693 1116 931 1154 Descriptiones
955 1125 1048 1155 quum
1071 1116 1101 1145 in
1123 1115 1213 1155 poesi
1231 1115 1369 1145 Arabica
1392 1120 1454 1146 tam
1467 1115 1576 1145 variae
1588 1119 1715 1156 tamque
1731 1124 1921 1146 numerosae
1943 1117 2021 1156 sint,

232 1177 265 1202 ut
276 1172 487 1210 totiuspoesis
500 1170 738 1201 fundamentum
748 1169 1261 1209 maximeindescriptionibussit,
1286 1169 1370 1208 quod
1386 1170 1684 1200 Abu-Tammamus
1706 1171 1830 1200 nonnisi
1852 1174 1919 1201 tres
1933 1170 2024 1201 locos

232 1227 396 1266 receperit,
422 1227 532 1256 mirum
554 1225 688 1256 videtur.
733 1225 845 1254 Libros
867 1229 1043 1264 poctarum,
1067 1235 1084 1254 e
1105 1224 1216 1263 quibus
1241 1223 1390 1262 hauserit,
1417 1223 1682 1263 descriptionibus
1704 1224 1865 1255 abundare
1887 1227 2026 1265 oportuit

234 1286 267 1312 et
288 1291 348 1310 non
371 1285 434 1310 tam
458 1282 489 1309 in
513 1279 756 1319 descriptionum
781 1279 894 1317 inopia,
919 1288 1010 1317 quam
1033 1279 1062 1308 in
1085 1278 1187 1317 copia,
1210 1287 1263 1308 cur
1287 1281 1350 1307 tam
1374 1287 1494 1316 paucos
1517 1278 1690 1318 collegerit,
1722 1288 1822 1309 causa
1845 1280 2025 1319 quaerenda

234 1333 366 1363 videtur.
406 1333 523 1363 Rerum
547 1332 778 1371 descriptiones
802 1341 894 1371 quum
912 1333 940 1361 in
954 1333 1045 1370 poesi
1068 1331 1205 1362 Arabica
1228 1332 1414 1371 frequentes
1437 1333 1596 1373 tritaeque
1615 1333 1686 1372 sint,
1711 1342 1831 1372 paucas
1853 1343 1872 1364 a
1893 1339 2025 1372 recepto

234 1387 432 1418 describendi
454 1387 546 1417 modo
570 1386 766 1423 recedentes,
791 1396 872 1426 quae
900 1387 960 1426 ipsi
984 1386 1154 1425 placerent,
1186 1385 1348 1414 invenisse
1369 1385 1504 1417 videtur.
1550 1385 1647 1425 Quid,
1672 1385 1754 1425 quod
1779 1385 2026 1416 Abu-'Pamma-

236 1451 305 1472 mus
327 1443 427 1481 locos,
463 1442 493 1471 in
516 1442 628 1482 quibus
652 1451 776 1472 amores
801 1442 893 1472 modo
916 1441 993 1487 ..δᾳδὶ
1023 1441 1195 1480 adpellato,
1223 1444 1443 1479 tractarentur,
1468 1438 1671 1480 neglexerit?
1698 1439 1797 1469 Modo
1819 1439 1870 1470 illo
1894 1440 2025 1482 „pff-...aii

237 1501 395 1541 appellato
420 1502 450 1531 in
473 1501 663 1531 carminibus
687 1502 847 1531 veteribus
870 1487 1051 1540 frequenter
1073 1499 1212 1529 adhibito
1227 1504 1257 1529 et
1270 1500 1411 1538 exculto,
1434 1499 1485 1529 illo
1509 1504 1615 1529 autem
1637 1499 1714 1550 ὑμᾶς
1737 1499 1908 1539 appellato,
1942 1498 2026 1539 quod

237 1561 397 1590 veteribus
416 1561 574 1590 Arabibus
593 1571 652 1590 non
670 1561 819 1600 placeret,
835 1560 992 1600 neglecto,
1006 1559 1078 1599 quid
1091 1559 1212 1597 mirum,
1226 1558 1311 1598 quod
1326 1557 1410 1587 huuc
1430 1557 1731 1587 Abu-'rammamus
1744 1558 1929 1598 neglexerit,
1942 1557 2025 1587 illum

237 1617 392 1645 sumserit.
416 1616 563 1646 Carmina
575 1616 724 1655 religiosa
734 1616 771 1644 ab
782 1615 1002 1665 Arabicisw)
1026 1613 1196 1652 adpellata,
1218 1622 1259 1642 ex
1282 1612 1396 1652 quibus
1420 1612 1542 1642 seriore
1571 1616 1714 1652 tempore
1736 1613 1874 1642 carmina
1890 1613 2027 1652 mystica

240 1675 394 1714 prodiere,
416 1676 454 1705 ab
478 1676 756 1705 Abu-'Pammamo
780 1675 898 1704 omissa
915 1674 1076 1713 videntur,
1098 1676 1266 1712 propterea
1289 1670 1370 1710 quod
1392 1671 1496 1700 serius
1519 1670 1545 1700 si
1568 1679 1629 1700 non
1652 1675 1720 1700 orta
1738 1675 1771 1700 at
1797 1670 1924 1700 exculta
1945 1673 2026 1699 sunt.

320 1730 354 1759 In
378 1730 571 1770 singulorum
595 1731 732 1768 capitum
765 1729 872 1759 ordine
902 1725 1119 1766 disponendo,
1142 1731 1177 1756 ut
1206 1736 1224 1756 a
1247 1725 1404 1764 capitibus
1429 1724 1585 1764 gravioris
1615 1726 1762 1754 momenti
1795 1723 2028 1762 maioribusque

242 1783 391 1821 incipiens
415 1784 455 1813 ad
477 1784 599 1813 leviora
623 1788 654 1812 et
676 1783 794 1812 minora
816 1774 1015 1821 procederet,
1039 1781 1214 1821 spectavit.
1259 1781 1427 1811 Difficilius
1451 1786 1557 1810 autem
1581 1780 1666 1810 dictu
1689 1785 1760 1819 est,
1785 1789 1840 1809 cur
1862 1779 1892 1809 iu
1915 1778 2027 1818 dispo-

242 1836 352 1866 nendis
384 1838 517 1876 singulis
555 1837 632 1867 locis
664 1838 756 1867 talem
780 1841 968 1877 sequeretur
991 1835 1140 1866 ordinem.
1184 1835 1281 1866 Locis
1306 1840 1370 1865 tum
1409 1835 1547 1874 capitum
1574 1833 1670 1864 titulis
1698 1834 1823 1863 omnino
1848 1834 1942 1873 aptis,
1964 1838 2028 1863 tum

243 1891 301 1928 ipsi
325 1893 460 1920 maxime
482 1891 678 1930 placentibus
701 1892 817 1921 initium
843 1891 966 1920 faciens
988 1891 1078 1920 locos
1100 1891 1203 1919 minus
1226 1894 1318 1929 aptos
1342 1894 1396 1918 aut
1419 1888 1524 1918 serius
1553 1888 1583 1918 in
1609 1888 1719 1918 oculos
1748 1888 1808 1928 ipsi
1831 1888 2029 1919 incurrentes

244 1943 370 1974 addidit.
416 1945 594 1982 Rationem,
620 1955 700 1985 quae
723 1945 751 1974 in
776 1945 883 1974 ordine
904 1945 1102 1984 singulorum
1125 1943 1185 1983 ipsi
1214 1952 1341 1982 semper
1368 1947 1441 1972 ante
1474 1941 1585 1971 oculos
1612 1945 1713 1977 esset,
1744 1952 1848 1982 neque
1878 1941 2029 1972 habuisse

245 2007 346 2036 neque
374 2004 507 2028 secutus
537 2008 612 2029 esse
641 1999 773 2029 videtur.
816 1998 1014 2038 Quamquam
1038 1998 1119 2027 enim
1142 1996 1202 2026 loci
1225 1996 1326 2026 simile
1348 2001 1567 2035 argumentum
1592 2000 1766 2027 tractantes
1788 2007 1817 2036 p.
1836 1997 1875 2027 19
1897 2005 1966 2037 sqq.
1988 1995 2030 2026 93

245 2058 315 2088 sqq.
338 2050 395 2079 104
417 2060 483 2090 sqq.
511 2050 667 2093 1357sqq„
694 2051 733 2080 ad
756 2051 888 2081 eandem
912 2060 976 2080 rem
1000 2050 1194 2089 pertinentes
1217 2059 1245 2088 p.
1272 2049 1329 2079 162
1348 2059 1428 2090 sqq.‚
1453 2050 1584 2080 easdem
1607 2055 1664 2081 aut
1687 2055 1843 2091 cognatas
1875 2058 2029 2090 personas

245 2107 442 2142 spectanteS,
466 2105 503 2133 ab
525 2104 634 2134 iisdem
658 2105 760 2144 poetis
783 2105 949 2144 compositi
974 2109 1027 2134 aut
1049 2105 1088 2135 ad
1112 2105 1245 2135 eandem
1281 2114 1448 2144 personam
1479 2106 1636 2136 referendi
1667 2116 1696 2146 p.
1718 2106 1760 2136 53
1780 2115 1849 2146 sqq.
1880 2105 1939 2136 179
1960 2113 2028 2144 sqq.

247 2158 309 2188 214
333 2167 401 2197 sqq.
424 2158 485 2187 *292
508 2167 574 2198 sqq.
597 2158 659 2188 306
682 2168 751 2198 sqq.
774 2158 843 2188 493.
867 2164 921 2188 aut
945 2168 986 2189 ex
1008 2159 1119 2190 eadem
1143 2159 1258 2189 familia
1281 2166 1313 2189 et
1334 2164 1431 2200 gente
1453 2160 1647 2199 prodeuntes
1669 2170 1697 2200 p.
1720 2160 1770 2190 75.
1794 2159 1855 2190 110
1877 2167 1945 2198 sqq.
1967 2157 2029 2187 274

248 2222 316 2252 sqq.
338 2213 399 2243 292
422 2222 488 2252 sqq.
515 2220 569 2244 aut
583 2223 696 2243 versus
719 2223 737 2243 a
761 2213 885 2242 feminis
910 2214 1076 2252 compositi
1098 2224 1126 2253 p.
1148 2214 1210 2244 779
1231 2223 1299 2253 sqq.
1322 2214 1434 2244 eodem
1455 2214 1524 2244 loeo
1547 2214 1672 2244 collecti
1693 2214 1904 2253 inveniantur,
1923 2217 2029 2241 tamen

249 2277 344 2307 quum
369 2268 507 2297 earmina
530 2268 669 2298 eiusdem
692 2268 829 2297 auctoris
853 2267 998 2307 idemque
1021 2273 1242 2308 argumentum
1266 2269 1434 2299 tractantia
1456 2269 1535 2298 locis
1556 2269 1653 2298 variis
1687 2279 1715 2308 p.
1739 2268 1779 2297 44
1807 2271 1838 2298 et
1864 2267 1916 2297 60.
1938 2275 1966 2305 ρ.
1992 2266 2031 2295 19

250 2326 280 2350 et
305 2320 369 2350 174.
394 2331 420 2360 p.
442 2321 482 2350 96
506 2326 535 2350 et
558 2322 628 2350 210.
652 2331 684 2359 p.
710 2321 767 2351 177
789 2327 820 2351 et
846 2322 904 2351 179
927 2326 958 2351 et
980 2322 1042 2352 493
1064 2324 1185 2359 et495.,
1210 2332 1270 2353 nec
1292 2334 1353 2354 non
1371 2325 1509 2353 carmina
1530 2325 1682 2362 temporis
1704 2331 1820 2363 magno
1842 2320 1945 2360 spatio
1961 2319 2030 2350 dis-

251 2376 356 2404 iuncta
380 2385 407 2414 p.
429 2376 476 2404 59.
499 2375 549 2404 60.
571 2376 737 2405 627072.
761 2375 871 2405 eodem
894 2376 962 2406 loco
986 2377 1118 2407 collecta
1138 2378 1344 2416 inveniantur,
1356 2376 1541 2416 disponendi
1563 2386 1663 2407 causa
1679 2378 1709 2407 in
1726 2375 1868 2413 fontium,
1884 2374 2030 2414 equibus

253 2427 403 2462 hauserit,
428 2429 546 2458 ratione
569 2430 747 2468 quaerenda
771 2436 835 2469 est,
860 2440 957 2470 saepe
980 2431 1061 2461 enim
1085 2430 1226 2461 eiusdem
1249 2431 1387 2461 auctoris
1410 2431 1547 2461 carmina
1569 2431 1600 2461 in
1621 2431 1718 2461 variis
1739 2429 1896 2469 capitibus
1919 2427 2029 2458 eodem

256 2482 325 2511 loco
348 2484 442 2513 allata
465 2483 610 2513 videmus
634 2484 717 2513 conf.
740 2484 801 2514 314
823 2494 890 2524 sqq.
913 2485 975 2515 655
996 2495 1065 2525 sqq.

336 2535 384 2564 De
407 2536 566 2566 Hamasae
589 2536 663 2567 libro
686 2537 724 2567 ab
748 2539 1028 2569 Abu-Tammamo
1050 2539 1182 2569 collecto
1204 2538 1362 2578 dicturus,
1385 2543 1545 2569 auctorem
1568 2543 1631 2568 tum
1654 2535 1783 2566 eosdem
1807 2543 1934 2574 versus,
1963 2537 2029 2563 tum

255 2587 363 2618 eadem
387 2592 523 2621 earmina
546 2591 681 2622 diversis
701 2593 780 2623 locis
799 2593 974 2633 recepisse,
995 2593 1119 2623 silentio
1139 2594 1394 2632 praetermittere
1415 2603 1475 2623 non
1498 2600 1637 2632 possum.
1680 2590 1737 2621 Sic
1759 2593 1891 2629 quatuor
1912 2595 2030 2618 versus
