<?xml version="1.0" encoding="UTF-8"?>
<!DOCTYPE html PUBLIC "-//W3C//DTD XHTML 1.0 Transitional//EN"
    "http://www.w3.org/TR/xhtml1/DTD/xhtml1-transitional.dtd">
<html xmlns="http://www.w3.org/1999/xhtml" xml:lang="en" lang="en">
 <head>
  <title>
</title>
<meta http-equiv="Content-Type" content="text/html;charset=utf-8" />
  <meta name='ocr-system' content='tesseract 3.04.00' />
  <meta name='ocr-capabilities' content='ocr_page ocr_carea ocr_par ocr_line ocrx_word'/>
</head>
<body>
  <div class='ocr_page' id='page_1' title='image "./p1hamassaecarmin02abbiuoft_0587.png"; bbox 0 0 2247 2865; ppageno 0'>
   <div class='ocr_carea' id='block_1_1' title="bbox 926 67 1200 98">
    <p class='ocr_par' dir='ltr' id='par_1_1' title="bbox 926 67 1200 98">
     <span class='ocr_line' id='line_1_1' title="bbox 926 67 1200 98; baseline 0 0"><span class='ocrx_word' id='word_1_1' title='bbox 926 67 1200 98; x_wconf 81' lang='lat'>——551—</span> 
     </span>
    </p>
   </div>
   <div class='ocr_carea' id='block_1_2' title="bbox 161 164 1954 457">
    <p class='ocr_par' dir='ltr' id='par_1_2' title="bbox 161 164 1954 457">
     <span class='ocr_line' id='line_1_2' title="bbox 167 164 1954 210; baseline -0.004 -9"><span class='ocrx_word' id='word_1_2' title='bbox 167 170 277 210; x_wconf 85' lang='lat' dir='ltr'>(metr.</span> <span class='ocrx_word' id='word_1_3' title='bbox 295 169 455 210; x_wconf 83' lang='lat' dir='ltr'>Redjes):</span> <span class='ocrx_word' id='word_1_4' title='bbox 484 170 633 200; x_wconf 81' lang='lat' dir='ltr'>Nonne</span> <span class='ocrx_word' id='word_1_5' title='bbox 661 178 718 200; x_wconf 86' lang='lat' dir='ltr'>me</span> <span class='ocrx_word' id='word_1_6' title='bbox 744 167 864 198; x_wconf 86' lang='lat' dir='ltr'>vides</span> <span class='ocrx_word' id='word_1_7' title='bbox 900 176 998 196; x_wconf 74' lang='lat' dir='ltr'>esse</span> <span class='ocrx_word' id='word_1_8' title='bbox 1026 169 1228 205; x_wconf 82' lang='lat' dir='ltr'>astutum,</span> <span class='ocrx_word' id='word_1_9' title='bbox 1273 164 1555 205; x_wconf 83' lang='lat' dir='ltr'>ingeniosum,</span> <span class='ocrx_word' id='word_1_10' title='bbox 1591 167 1746 204; x_wconf 82' lang='lat' dir='ltr'><strong>quippe</strong></span> <span class='ocrx_word' id='word_1_11' title='bbox 1775 165 1838 205; x_wconf 86' lang='lat' dir='ltr'>qui</span> <span class='ocrx_word' id='word_1_12' title='bbox 1866 169 1954 204; x_wconf 79' lang='lat' dir='ltr'>post</span> 
     </span>
     <span class='ocr_line' id='line_1_3' title="bbox 165 219 1954 272; baseline -0.003 -9"><span class='ocrx_word' id='word_1_13' title='bbox 165 242 379 263; x_wconf 78' lang='lat' dir='ltr'><strong>carcerem</strong></span> <span class='ocrx_word' id='word_1_14' title='bbox 414 233 542 263; x_wconf 64' lang='lat' dir='ltr'>husin</span> <span class='ocrx_word' id='word_1_15' title='bbox 579 232 839 272; x_wconf 78' lang='lat' dir='ltr'>appellatum</span> <span class='ocrx_word' id='word_1_16' title='bbox 880 230 1176 260; x_wconf 65' lang='lat' dir='ltr'>exstruxerint</span> <span class='ocrx_word' id='word_1_17' title='bbox 1210 237 1426 258; x_wconf 84' lang='lat' dir='ltr'>carcerem</span> <span class='ocrx_word' id='word_1_18' title='bbox 1464 227 1710 267; x_wconf 78' lang='lat' dir='ltr'>Mochajjis,</span> <span class='ocrx_word' id='word_1_19' title='bbox 1743 219 1954 257; x_wconf 79' lang='lat' dir='ltr'>scuticam</span> 
     </span>
     <span class='ocr_line' id='line_1_4' title="bbox 164 288 1954 335; baseline -0.003 -10"><span class='ocrx_word' id='word_1_20' title='bbox 164 295 349 335; x_wconf 78' lang='lat' dir='ltr'>firmam,</span> <span class='ocrx_word' id='word_1_21' title='bbox 384 295 697 334; x_wconf 80' lang='lat' dir='ltr'>principemque</span> <span class='ocrx_word' id='word_1_22' title='bbox 733 288 1024 334; x_wconf 69' lang='lat' dir='ltr'>ingeniosum?</span> <span class='ocrx_word' id='word_1_23' title='bbox 1062 302 1227 322; x_wconf 78' lang='lat' dir='ltr'>carcerum</span> <span class='ocrx_word' id='word_1_24' title='bbox 1257 292 1374 321; x_wconf 85' lang='lat' dir='ltr'>mentio</span> <span class='ocrx_word' id='word_1_25' title='bbox 1413 291 1497 320; x_wconf 79' lang='lat' dir='ltr'>sucta</span> <span class='ocrx_word' id='word_1_26' title='bbox 1531 294 1593 322; x_wconf 84' lang='lat' dir='ltr'>est.</span> <span class='ocrx_word' id='word_1_27' title='bbox 1654 289 1759 326; x_wconf 80' lang='lat' dir='ltr'>Quum</span> <span class='ocrx_word' id='word_1_28' title='bbox 1793 298 1954 319; x_wconf 79' lang='lat' dir='ltr'>carcerem</span> 
     </span>
     <span class='ocr_line' id='line_1_5' title="bbox 161 352 1952 396; baseline -0.002 -10"><span class='ocrx_word' id='word_1_29' title='bbox 161 356 260 386; x_wconf 79' lang='lat' dir='ltr'>Nafih</span> <span class='ocrx_word' id='word_1_30' title='bbox 284 357 476 396; x_wconf 82' lang='lat' dir='ltr'>appellatum</span> <span class='ocrx_word' id='word_1_31' title='bbox 505 367 545 386; x_wconf 90' lang='lat' dir='ltr'>ex</span> <span class='ocrx_word' id='word_1_32' title='bbox 575 356 725 386; x_wconf 81' lang='lat' dir='ltr'>arundine</span> <span class='ocrx_word' id='word_1_33' title='bbox 754 355 970 385; x_wconf 72' lang='lat' dir='ltr'>exstruxisset</span> <span class='ocrx_word' id='word_1_34' title='bbox 998 359 1030 383; x_wconf 90' lang='lat' dir='ltr'>et</span> <span class='ocrx_word' id='word_1_35' title='bbox 1059 364 1114 394; x_wconf 85' lang='lat' dir='ltr'>per</span> <span class='ocrx_word' id='word_1_36' title='bbox 1142 354 1279 394; x_wconf 83' lang='lat' dir='ltr'>parietes</span> <span class='ocrx_word' id='word_1_37' title='bbox 1308 353 1395 383; x_wconf 80' lang='lat' dir='ltr'>sures</span> <span class='ocrx_word' id='word_1_38' title='bbox 1436 352 1547 382; x_wconf 91' lang='lat' dir='ltr'>inclusi</span> <span class='ocrx_word' id='word_1_39' title='bbox 1583 353 1787 392; x_wconf 70' lang='lat' dir='ltr'>erupissent,</span> <span class='ocrx_word' id='word_1_40' title='bbox 1823 352 1952 382; x_wconf 85' lang='lat' dir='ltr'>alterum</span> 
     </span>
     <span class='ocr_line' id='line_1_6' title="bbox 161 413 1952 457; baseline -0.002 -10"><span class='ocrx_word' id='word_1_41' title='bbox 161 425 320 448; x_wconf 79' lang='lat' dir='ltr'>carcerem</span> <span class='ocrx_word' id='word_1_42' title='bbox 342 417 512 457; x_wconf 79' lang='lat' dir='ltr'>Mochajjis</span> <span class='ocrx_word' id='word_1_43' title='bbox 539 416 769 446; x_wconf 76' lang='lat' dir='ltr'>aedificandum</span> <span class='ocrx_word' id='word_1_44' title='bbox 795 416 938 455; x_wconf 76' lang='lat' dir='ltr'>curavit,</span> <span class='ocrx_word' id='word_1_45' title='bbox 980 425 1021 445; x_wconf 85' lang='lat' dir='ltr'>ex</span> <span class='ocrx_word' id='word_1_46' title='bbox 1055 424 1116 454; x_wconf 85' lang='lat' dir='ltr'>qno</span> <span class='ocrx_word' id='word_1_47' title='bbox 1148 416 1262 457; x_wconf 82' lang='lat' dir='ltr'>sugere</span> <span class='ocrx_word' id='word_1_48' title='bbox 1295 424 1357 445; x_wconf 90' lang='lat' dir='ltr'>non</span> <span class='ocrx_word' id='word_1_49' title='bbox 1392 418 1537 454; x_wconf 79' lang='lat' dir='ltr'>possent.</span> <span class='ocrx_word' id='word_1_50' title='bbox 1597 414 1668 444; x_wconf 82' lang='lat' dir='ltr'>Hos</span> <span class='ocrx_word' id='word_1_51' title='bbox 1706 413 1801 454; x_wconf 85' lang='lat' dir='ltr'>igitur</span> <span class='ocrx_word' id='word_1_52' title='bbox 1836 422 1952 444; x_wconf 83' lang='lat' dir='ltr'>versus</span> 
     </span>
    </p>
   </div>
   <div class='ocr_carea' id='block_1_3' title="bbox 161 479 944 517">
    <p class='ocr_par' dir='ltr' id='par_1_3' title="bbox 161 479 944 517">
     <span class='ocr_line' id='line_1_7' title="bbox 161 479 944 517; baseline -0.004 -7"><span class='ocrx_word' id='word_1_53' title='bbox 161 489 199 510; x_wconf 84' lang='lat' dir='ltr'>se</span> <span class='ocrx_word' id='word_1_54' title='bbox 226 480 356 510; x_wconf 80' lang='lat' dir='ltr'>laudans</span> <span class='ocrx_word' id='word_1_55' title='bbox 386 480 499 509; x_wconf 76' lang='lat' dir='ltr'>Ahlius</span> <span class='ocrx_word' id='word_1_56' title='bbox 526 479 649 509; x_wconf 79' lang='lat' dir='ltr'>dixisse</span> <span class='ocrx_word' id='word_1_57' title='bbox 677 479 777 509; x_wconf 79' lang='lat' dir='ltr'>sertui·</span> <span class='ocrx_word' id='word_1_58' title='bbox 804 479 944 517; x_wconf 65' lang='lat' dir='ltr'>(liann).</span> 
     </span>
    </p>
   </div>
   <div class='ocr_carea' id='block_1_4' title="bbox 161 574 1827 613">
    <p class='ocr_par' dir='ltr' id='par_1_4' title="bbox 161 574 1827 613">
     <span class='ocr_line' id='line_1_8' title="bbox 161 574 1827 613; baseline -0.003 -8"><span class='ocrx_word' id='word_1_59' title='bbox 161 575 194 605; x_wconf 83' lang='lat'>3.</span> <span class='ocrx_word' id='word_1_60' title='bbox 217 576 263 605; x_wconf 75' lang='lat' dir='ltr'>Et</span> <span class='ocrx_word' id='word_1_61' title='bbox 283 577 314 604; x_wconf 72' lang='lat' dir='ltr'>si</span> <span class='ocrx_word' id='word_1_62' title='bbox 330 575 497 613; x_wconf 81' lang='lat' dir='ltr'>paululum</span> <span class='ocrx_word' id='word_1_63' title='bbox 522 579 642 604; x_wconf 75' lang='lat' dir='ltr'>lautum</span> <span class='ocrx_word' id='word_1_64' title='bbox 665 578 703 604; x_wconf 78' lang='lat' dir='ltr'>iis</span> <span class='ocrx_word' id='word_1_65' title='bbox 726 578 896 604; x_wconf 77' lang='lat' dir='ltr'>cunctatus</span> <span class='ocrx_word' id='word_1_66' title='bbox 918 585 1028 609; x_wconf 78' lang='lat' dir='ltr'>essem,</span> <span class='ocrx_word' id='word_1_67' title='bbox 1052 576 1095 603; x_wconf 82' lang='lat' dir='ltr'>ml</span> <span class='ocrx_word' id='word_1_68' title='bbox 1112 575 1287 611; x_wconf 77' lang='lat' dir='ltr'>principem</span> <span class='ocrx_word' id='word_1_69' title='bbox 1310 577 1489 602; x_wconf 73' lang='lat' dir='ltr'>ventrosnm</span> <span class='ocrx_word' id='word_1_70' title='bbox 1511 582 1560 601; x_wconf 80' lang='lat' dir='ltr'>me</span> <span class='ocrx_word' id='word_1_71' title='bbox 1579 574 1827 610; x_wconf 66' lang='lat' dir='ltr'>protraxissent,</span> 
     </span>
    </p>
   </div>
   <div class='ocr_carea' id='block_1_5' title="bbox 161 640 1956 933">
    <p class='ocr_par' dir='ltr' id='par_1_5' title="bbox 161 640 1956 933">
     <span class='ocr_line' id='line_1_9' title="bbox 260 640 1954 685; baseline -0.001 -12"><span class='ocrx_word' id='word_1_72' title='bbox 260 644 349 684; x_wconf 86' lang='lat' dir='ltr'>Illos,</span> <span class='ocrx_word' id='word_1_73' title='bbox 375 645 402 673; x_wconf 88' lang='lat' dir='ltr'>si</span> <span class='ocrx_word' id='word_1_74' title='bbox 430 646 538 674; x_wconf 82' lang='lat' dir='ltr'>statim</span> <span class='ocrx_word' id='word_1_75' title='bbox 569 646 675 685; x_wconf 76' lang='lat' dir='ltr'>sugam</span> <span class='ocrx_word' id='word_1_76' title='bbox 703 654 763 674; x_wconf 87' lang='lat' dir='ltr'>non</span> <span class='ocrx_word' id='word_1_77' title='bbox 794 645 950 684; x_wconf 75' lang='lat' dir='ltr'>cepisset,</span> <span class='ocrx_word' id='word_1_78' title='bbox 978 645 1079 683; x_wconf 75' lang='lat' dir='ltr'>ipsum</span> <span class='ocrx_word' id='word_1_79' title='bbox 1108 643 1146 673; x_wconf 83' lang='lat' dir='ltr'>ad</span> <span class='ocrx_word' id='word_1_80' title='bbox 1175 644 1397 682; x_wconf 82' lang='lat' dir='ltr'>imperatorem</span> <span class='ocrx_word' id='word_1_81' title='bbox 1425 641 1551 672; x_wconf 79' lang='lat' dir='ltr'>Alilium</span> <span class='ocrx_word' id='word_1_82' title='bbox 1579 641 1612 670; x_wconf 88' lang='lat' dir='ltr'>vi</span> <span class='ocrx_word' id='word_1_83' title='bbox 1639 641 1832 671; x_wconf 76' lang='lat' dir='ltr'>abducturos</span> <span class='ocrx_word' id='word_1_84' title='bbox 1851 640 1954 671; x_wconf 78' lang='lat' dir='ltr'>fuisse</span> 
     </span>
     <span class='ocr_line' id='line_1_10' title="bbox 162 704 1954 748; baseline -0.002 -11"><span class='ocrx_word' id='word_1_85' title='bbox 162 706 236 737; x_wconf 83' lang='lat' dir='ltr'>dicit</span> <span class='ocrx_word' id='word_1_86' title='bbox 299 708 386 737; x_wconf 82' lang='lat' dir='ltr'>Ante</span> <span class='ocrx_word' id='word_1_87' title='bbox 413 717 528 738; x_wconf 78' lang='lat' dir='ltr'>vocem</span> <span class='ocrx_word' id='word_1_88' title='bbox 556 706 628 745; x_wconf 60' lang='grc' dir='ltr'>ὶὶᾼέ</span> <span class='ocrx_word' id='word_1_89' title='bbox 667 718 779 737; x_wconf 80' lang='lat' dir='ltr'>nomen</span> <span class='ocrx_word' id='word_1_90' title='bbox 818 708 953 737; x_wconf 75' lang='lat' dir='ltr'>actionis</span> <span class='ocrx_word' id='word_1_91' title='bbox 983 705 1035 744; x_wconf 59' lang='grc' dir='ltr'>[5έρ</span> <span class='ocrx_word' id='word_1_92' title='bbox 1063 708 1215 736; x_wconf 86' lang='lat' dir='ltr'>omissum</span> <span class='ocrx_word' id='word_1_93' title='bbox 1242 710 1303 735; x_wconf 87' lang='lat' dir='ltr'>est.</span> <span class='ocrx_word' id='word_1_94' title='bbox 1357 705 1447 735; x_wconf 73' lang='lat' dir='ltr'>Voce</span> <span class='ocrx_word' id='word_1_95' title='bbox 1472 706 1562 748; x_wconf 59' lang='lat'>325?</span> <span class='ocrx_word' id='word_1_96' title='bbox 1590 706 1655 734; x_wconf 89' lang='lat' dir='ltr'>vim</span> <span class='ocrx_word' id='word_1_97' title='bbox 1682 704 1808 734; x_wconf 85' lang='lat' dir='ltr'>indicat.</span> <span class='ocrx_word' id='word_1_98' title='bbox 1861 704 1954 734; x_wconf 83' lang='lat' dir='ltr'>More</span> 
     </span>
     <span class='ocr_line' id='line_1_11' title="bbox 162 766 1956 822; baseline -0.001 -25"><span class='ocrx_word' id='word_1_99' title='bbox 162 767 301 798; x_wconf 78' lang='lat' dir='ltr'>Arabum</span> <span class='ocrx_word' id='word_1_100' title='bbox 330 768 458 798; x_wconf 77' lang='lat' dir='ltr'>Alilium</span> <span class='ocrx_word' id='word_1_101' title='bbox 487 769 657 808; x_wconf 77' lang='lat' dir='ltr'>principem</span> <span class='ocrx_word' id='word_1_102' title='bbox 685 777 762 822; x_wconf 51' lang='grc' dir='ltr'>ΖΜ</span> <span class='ocrx_word' id='word_1_103' title='bbox 789 766 959 811; x_wconf 84' lang='lat' dir='ltr'>(senem)</span> <span class='ocrx_word' id='word_1_104' title='bbox 994 774 1090 808; x_wconf 86' lang='lat' dir='ltr'>poeta</span> <span class='ocrx_word' id='word_1_105' title='bbox 1119 766 1293 807; x_wconf 78' lang='lat' dir='ltr'>appellavit</span> <span class='ocrx_word' id='word_1_106' title='bbox 1328 771 1361 796; x_wconf 88' lang='lat' dir='ltr'>et</span> <span class='ocrx_word' id='word_1_107' title='bbox 1389 767 1427 797; x_wconf 86' lang='lat' dir='ltr'>ad</span> <span class='ocrx_word' id='word_1_108' title='bbox 1465 776 1536 796; x_wconf 91' lang='lat' dir='ltr'>eum</span> <span class='ocrx_word' id='word_1_109' title='bbox 1568 766 1809 796; x_wconf 87' lang='lat' dir='ltr'>describendum</span> <span class='ocrx_word' id='word_1_110' title='bbox 1845 774 1956 795; x_wconf 88' lang='lat' dir='ltr'>vocem</span> 
     </span>
     <span class='ocr_line' id='line_1_12' title="bbox 161 814 1956 875; baseline -0.001 -16"><span class='ocrx_word' id='word_1_111' title='bbox 161 826 250 875; x_wconf 60' lang='lat' dir='ltr'>*Ly-“b&#39;&#39;</span> <span class='ocrx_word' id='word_1_112' title='bbox 278 826 495 872; x_wconf 73' lang='lat' dir='ltr'>(vcntrosum),</span> <span class='ocrx_word' id='word_1_113' title='bbox 524 830 650 861; x_wconf 83' lang='lat' dir='ltr'>addidit.</span> <span class='ocrx_word' id='word_1_114' title='bbox 704 814 831 861; x_wconf 38' lang='lat' dir='ltr'>&#39;Atilium</span> <span class='ocrx_word' id='word_1_115' title='bbox 859 834 1045 861; x_wconf 84' lang='lat' dir='ltr'>ventrosum</span> <span class='ocrx_word' id='word_1_116' title='bbox 1074 830 1181 870; x_wconf 82' lang='lat' dir='ltr'>fuisse,</span> <span class='ocrx_word' id='word_1_117' title='bbox 1209 830 1239 859; x_wconf 89' lang='lat' dir='ltr'>in</span> <span class='ocrx_word' id='word_1_118' title='bbox 1266 829 1445 858; x_wconf 79' lang='lat' dir='ltr'>Abulsedae</span> <span class='ocrx_word' id='word_1_119' title='bbox 1471 828 1586 858; x_wconf 78' lang='lat' dir='ltr'>Annal.</span> <span class='ocrx_word' id='word_1_120' title='bbox 1614 828 1650 857; x_wconf 87' lang='grc' dir='ltr'>Τ.</span> <span class='ocrx_word' id='word_1_121' title='bbox 1682 828 1712 858; x_wconf 87' lang='lat'>1.</span> <span class='ocrx_word' id='word_1_122' title='bbox 1740 838 1769 867; x_wconf 93' lang='lat' dir='ltr'>p.</span> <span class='ocrx_word' id='word_1_123' title='bbox 1797 827 1879 858; x_wconf 83' lang='lat'>338.</span> <span class='ocrx_word' id='word_1_124' title='bbox 1906 827 1956 857; x_wconf 90' lang='lat' dir='ltr'>le-</span> 
     </span>
     <span class='ocr_line' id='line_1_13' title="bbox 162 890 1954 933; baseline -0.002 -11"><span class='ocrx_word' id='word_1_125' title='bbox 162 893 279 933; x_wconf 86' lang='lat' dir='ltr'>gimus.</span> <span class='ocrx_word' id='word_1_126' title='bbox 332 894 413 923; x_wconf 86' lang='lat' dir='ltr'>Eum</span> <span class='ocrx_word' id='word_1_127' title='bbox 440 893 572 922; x_wconf 79' lang='lat' dir='ltr'>vivente</span> <span class='ocrx_word' id='word_1_128' title='bbox 598 892 823 923; x_wconf 79' lang='lat' dir='ltr'>Mobannnede</span> <span class='ocrx_word' id='word_1_129' title='bbox 850 894 944 923; x_wconf 74' lang='lat' dir='ltr'>talem</span> <span class='ocrx_word' id='word_1_130' title='bbox 974 893 1087 931; x_wconf 76' lang='lat' dir='ltr'>fuisse,</span> <span class='ocrx_word' id='word_1_131' title='bbox 1117 903 1158 923; x_wconf 85' lang='lat' dir='ltr'>ex</span> <span class='ocrx_word' id='word_1_132' title='bbox 1175 892 1286 922; x_wconf 78' lang='lat' dir='ltr'>verbis</span> <span class='ocrx_word' id='word_1_133' title='bbox 1308 890 1542 921; x_wconf 78' lang='lat' dir='ltr'>Moliammedis</span> <span class='ocrx_word' id='word_1_134' title='bbox 1561 890 1787 931; x_wconf 83' lang='lat' dir='ltr'>cognoscimus</span> <span class='ocrx_word' id='word_1_135' title='bbox 1806 890 1954 930; x_wconf 89' lang='lat' dir='ltr'>dicentis,</span> 
     </span>
    </p>
   </div>
   <div class='ocr_carea' id='block_1_6' title="bbox 166 954 1365 995">
    <p class='ocr_par' dir='ltr' id='par_1_6' title="bbox 166 954 1365 995">
     <span class='ocr_line' id='line_1_14' title="bbox 166 954 1365 995; baseline 0 -11"><span class='ocrx_word' id='word_1_136' title='bbox 166 964 257 985; x_wconf 72' lang='lat' dir='ltr'>neum</span> <span class='ocrx_word' id='word_1_137' title='bbox 285 955 381 985; x_wconf 82' lang='lat' dir='ltr'>talem</span> <span class='ocrx_word' id='word_1_138' title='bbox 409 965 485 985; x_wconf 86' lang='lat' dir='ltr'>esse</span> <span class='ocrx_word' id='word_1_139' title='bbox 514 956 552 984; x_wconf 87' lang='lat' dir='ltr'>ob</span> <span class='ocrx_word' id='word_1_140' title='bbox 580 963 726 995; x_wconf 79' lang='lat' dir='ltr'>magnam</span> <span class='ocrx_word' id='word_1_141' title='bbox 753 955 931 995; x_wconf 88' lang='lat' dir='ltr'>scientiam,</span> <span class='ocrx_word' id='word_1_142' title='bbox 961 964 1052 994; x_wconf 87' lang='lat' dir='ltr'>qnam</span> <span class='ocrx_word' id='word_1_143' title='bbox 1083 964 1185 984; x_wconf 86' lang='lat' dir='ltr'>rerum</span> <span class='ocrx_word' id='word_1_144' title='bbox 1216 954 1365 984; x_wconf 73' lang='lat' dir='ltr'>lrabeat«.</span> 
     </span>
    </p>
   </div>
   <div class='ocr_carea' id='block_1_7' title="bbox 160 1051 1904 1090">
    <p class='ocr_par' dir='ltr' id='par_1_7' title="bbox 160 1051 1904 1090">
     <span class='ocr_line' id='line_1_15' title="bbox 160 1051 1904 1090; baseline -0.001 -10"><span class='ocrx_word' id='word_1_145' title='bbox 160 1051 193 1080; x_wconf 78' lang='lat'>4.</span> <span class='ocrx_word' id='word_1_146' title='bbox 215 1051 365 1081; x_wconf 67' lang='lat' dir='ltr'>Bubastis</span> <span class='ocrx_word' id='word_1_147' title='bbox 387 1051 527 1079; x_wconf 73' lang='lat' dir='ltr'>humeris</span> <span class='ocrx_word' id='word_1_148' title='bbox 546 1052 738 1090; x_wconf 75' lang='lat' dir='ltr'>praeditum,</span> <span class='ocrx_word' id='word_1_149' title='bbox 763 1054 911 1089; x_wconf 77' lang='lat' dir='ltr'>temporis</span> <span class='ocrx_word' id='word_1_150' title='bbox 934 1052 1168 1080; x_wconf 74' lang='lat' dir='ltr'>vicissitudines</span> <span class='ocrx_word' id='word_1_151' title='bbox 1189 1053 1375 1089; x_wconf 68' lang='lat' dir='ltr'>vincentem,</span> <span class='ocrx_word' id='word_1_152' title='bbox 1399 1051 1558 1080; x_wconf 70' lang='lat' dir='ltr'>diversum</span> <span class='ocrx_word' id='word_1_153' title='bbox 1579 1053 1613 1080; x_wconf 85' lang='lat' dir='ltr'>in</span> <span class='ocrx_word' id='word_1_154' title='bbox 1635 1051 1751 1088; x_wconf 63' lang='lat' dir='ltr'>offendi</span> <span class='ocrx_word' id='word_1_155' title='bbox 1772 1052 1904 1079; x_wconf 84' lang='lat' dir='ltr'>ratione.</span> 
     </span>
    </p>
   </div>
   <div class='ocr_carea' id='block_1_8' title="bbox 160 1113 1954 1225">
    <p class='ocr_par' dir='ltr' id='par_1_8' title="bbox 160 1113 1954 1225">
     <span class='ocr_line' id='line_1_16' title="bbox 258 1113 1954 1161; baseline -0.002 -12"><span class='ocrx_word' id='word_1_156' title='bbox 258 1119 330 1149; x_wconf 80' lang='lat' dir='ltr'>Hoc</span> <span class='ocrx_word' id='word_1_157' title='bbox 356 1119 386 1149; x_wconf 93' lang='lat' dir='ltr'>in</span> <span class='ocrx_word' id='word_1_158' title='bbox 412 1129 512 1149; x_wconf 81' lang='lat' dir='ltr'>versu</span> <span class='ocrx_word' id='word_1_159' title='bbox 540 1124 603 1149; x_wconf 87' lang='lat' dir='ltr'>tam</span> <span class='ocrx_word' id='word_1_160' title='bbox 631 1119 716 1150; x_wconf 78' lang='lat' dir='ltr'>Ahlii</span> <span class='ocrx_word' id='word_1_161' title='bbox 746 1130 882 1160; x_wconf 86' lang='lat' dir='ltr'>corpus,</span> <span class='ocrx_word' id='word_1_162' title='bbox 919 1130 1011 1159; x_wconf 87' lang='lat' dir='ltr'>quam</span> <span class='ocrx_word' id='word_1_163' title='bbox 1043 1121 1158 1161; x_wconf 85' lang='lat' dir='ltr'>agendi</span> <span class='ocrx_word' id='word_1_164' title='bbox 1194 1121 1348 1150; x_wconf 86' lang='lat' dir='ltr'>rationem</span> <span class='ocrx_word' id='word_1_165' title='bbox 1384 1119 1543 1150; x_wconf 86' lang='lat' dir='ltr'>describit.</span> <span class='ocrx_word' id='word_1_166' title='bbox 1595 1120 1702 1150; x_wconf 90' lang='lat' dir='ltr'>Dorso</span> <span class='ocrx_word' id='word_1_167' title='bbox 1730 1113 1801 1158; x_wconf 73' lang='grc'>(11-</span> <span class='ocrx_word' id='word_1_168' title='bbox 1828 1113 1954 1155; x_wconf 69' lang='lat'><strong>3¹2.)</strong></span> 
     </span>
     <span class='ocr_line' id='line_1_17' title="bbox 160 1181 1953 1225; baseline -0.001 -14"><span class='ocrx_word' id='word_1_169' title='bbox 160 1181 292 1211; x_wconf 88' lang='lat' dir='ltr'>robusto</span> <span class='ocrx_word' id='word_1_170' title='bbox 320 1182 497 1221; x_wconf 86' lang='lat' dir='ltr'>praeditum</span> <span class='ocrx_word' id='word_1_171' title='bbox 525 1192 597 1212; x_wconf 86' lang='lat' dir='ltr'>eum</span> <span class='ocrx_word' id='word_1_172' title='bbox 627 1192 704 1212; x_wconf 81' lang='lat' dir='ltr'>esse</span> <span class='ocrx_word' id='word_1_173' title='bbox 742 1182 833 1225; x_wconf 78' lang='lat' dir='ltr'>dicit,</span> <span class='ocrx_word' id='word_1_174' title='bbox 871 1183 900 1212; x_wconf 92' lang='lat' dir='ltr'>in</span> <span class='ocrx_word' id='word_1_175' title='bbox 930 1193 993 1224; x_wconf 90' lang='lat' dir='ltr'>quo</span> <span class='ocrx_word' id='word_1_176' title='bbox 1021 1184 1115 1214; x_wconf 88' lang='lat' dir='ltr'>robur</span> <span class='ocrx_word' id='word_1_177' title='bbox 1142 1183 1284 1222; x_wconf 89' lang='lat' dir='ltr'>corporis</span> <span class='ocrx_word' id='word_1_178' title='bbox 1311 1183 1449 1212; x_wconf 85' lang='lat' dir='ltr'>maxime</span> <span class='ocrx_word' id='word_1_179' title='bbox 1475 1182 1595 1213; x_wconf 91' lang='lat' dir='ltr'>nititur.</span> <span class='ocrx_word' id='word_1_180' title='bbox 1649 1183 1836 1213; x_wconf 87' lang='lat' dir='ltr'>Mersukius</span> <span class='ocrx_word' id='word_1_181' title='bbox 1863 1181 1953 1222; x_wconf 83' lang='lat' dir='ltr'>dixit,</span> 
     </span>
    </p>
   </div>
   <div class='ocr_carea' id='block_1_9' title="bbox 160 1236 1954 1292">
    <p class='ocr_par' dir='ltr' id='par_1_9' title="bbox 160 1236 1954 1292">
     <span class='ocr_line' id='line_1_18' title="bbox 160 1236 1954 1292; baseline -0.001 -18"><span class='ocrx_word' id='word_1_182' title='bbox 160 1244 213 1274; x_wconf 83' lang='lat' dir='ltr'>tali</span> <span class='ocrx_word' id='word_1_183' title='bbox 242 1244 334 1274; x_wconf 94' lang='lat' dir='ltr'>modo</span> <span class='ocrx_word' id='word_1_184' title='bbox 360 1244 461 1274; x_wconf 87' lang='lat' dir='ltr'>leonis</span> <span class='ocrx_word' id='word_1_185' title='bbox 489 1254 608 1284; x_wconf 84' lang='lat' dir='ltr'>eorpus</span> <span class='ocrx_word' id='word_1_186' title='bbox 635 1245 843 1275; x_wconf 87' lang='lat' dir='ltr'>constitutum</span> <span class='ocrx_word' id='word_1_187' title='bbox 872 1256 958 1275; x_wconf 85' lang='lat' dir='ltr'>esse.</span> <span class='ocrx_word' id='word_1_188' title='bbox 1012 1247 1126 1276; x_wconf 74' lang='lat' dir='ltr'>Verbis</span> <span class='ocrx_word' id='word_1_189' title='bbox 1152 1236 1276 1292; x_wconf 37' lang='lat' dir='ltr'>mbos-³³5</span> <span class='ocrx_word' id='word_1_190' title='bbox 1303 1247 1355 1286; x_wconf 53' lang='lat' dir='ltr'>gs:</span> <span class='ocrx_word' id='word_1_191' title='bbox 1378 1241 1432 1286; x_wconf 45' lang='lat' dir='ltr'>ab</span> <span class='ocrx_word' id='word_1_192' title='bbox 1461 1246 1598 1286; x_wconf 82' lang='lat' dir='ltr'>indicat,</span> <span class='ocrx_word' id='word_1_193' title='bbox 1637 1255 1709 1276; x_wconf 87' lang='lat' dir='ltr'>eum</span> <span class='ocrx_word' id='word_1_194' title='bbox 1743 1244 1895 1284; x_wconf 83' lang='lat' dir='ltr'>patientia</span> <span class='ocrx_word' id='word_1_195' title='bbox 1922 1248 1954 1274; x_wconf 88' lang='lat' dir='ltr'>et</span> 
     </span>
    </p>
   </div>
   <div class='ocr_carea' id='block_1_10' title="bbox 160 1305 1954 1548">
    <p class='ocr_par' dir='ltr' id='par_1_10' title="bbox 160 1305 1954 1548">
     <span class='ocr_line' id='line_1_19' title="bbox 160 1305 1950 1366; baseline -0.001 -18"><span class='ocrx_word' id='word_1_196' title='bbox 160 1319 254 1349; x_wconf 81' lang='lat' dir='ltr'>animi</span> <span class='ocrx_word' id='word_1_197' title='bbox 281 1318 464 1349; x_wconf 79' lang='lat' dir='ltr'>fortitudine</span> <span class='ocrx_word' id='word_1_198' title='bbox 491 1321 643 1358; x_wconf 71' lang='lat' dir='ltr'>temporis</span> <span class='ocrx_word' id='word_1_199' title='bbox 671 1320 911 1350; x_wconf 76' lang='lat' dir='ltr'>vicissitudines</span> <span class='ocrx_word' id='word_1_200' title='bbox 940 1322 1078 1351; x_wconf 85' lang='lat' dir='ltr'>vincere.</span> <span class='ocrx_word' id='word_1_201' title='bbox 1144 1322 1251 1352; x_wconf 80' lang='lat' dir='ltr'>Verba</span> <span class='ocrx_word' id='word_1_202' title='bbox 1277 1305 1409 1366; x_wconf 42' lang='lat'>0233&amp;</span> <span class='ocrx_word' id='word_1_203' title='bbox 1436 1318 1549 1352; x_wconf 47' lang='lat'>„5123</span> <span class='ocrx_word' id='word_1_204' title='bbox 1578 1320 1748 1350; x_wconf 85' lang='lat' dir='ltr'>»diversus</span> <span class='ocrx_word' id='word_1_205' title='bbox 1776 1320 1806 1349; x_wconf 90' lang='lat' dir='ltr'>in</span> <span class='ocrx_word' id='word_1_206' title='bbox 1832 1320 1950 1350; x_wconf 84' lang='lat' dir='ltr'>rebus«</span> 
     </span>
     <span class='ocr_line' id='line_1_20' title="bbox 160 1381 1954 1423; baseline 0.001 -13"><span class='ocrx_word' id='word_1_207' title='bbox 160 1381 235 1411; x_wconf 81' lang='lat' dir='ltr'>milii</span> <span class='ocrx_word' id='word_1_208' title='bbox 262 1382 321 1411; x_wconf 80' lang='lat' dir='ltr'>viri</span> <span class='ocrx_word' id='word_1_209' title='bbox 348 1382 509 1421; x_wconf 81' lang='lat' dir='ltr'>ingenium</span> <span class='ocrx_word' id='word_1_210' title='bbox 538 1381 706 1411; x_wconf 82' lang='lat' dir='ltr'>fecundum</span> <span class='ocrx_word' id='word_1_211' title='bbox 735 1382 920 1423; x_wconf 80' lang='lat' dir='ltr'>significare</span> <span class='ocrx_word' id='word_1_212' title='bbox 947 1383 1116 1419; x_wconf 81' lang='lat' dir='ltr'>videntur,</span> <span class='ocrx_word' id='word_1_213' title='bbox 1144 1392 1205 1422; x_wconf 88' lang='lat' dir='ltr'>qno</span> <span class='ocrx_word' id='word_1_214' title='bbox 1232 1384 1262 1412; x_wconf 90' lang='lat' dir='ltr'>in</span> <span class='ocrx_word' id='word_1_215' title='bbox 1289 1383 1429 1413; x_wconf 81' lang='lat' dir='ltr'>diversis</span> <span class='ocrx_word' id='word_1_216' title='bbox 1456 1383 1551 1412; x_wconf 90' lang='lat' dir='ltr'>rebus</span> <span class='ocrx_word' id='word_1_217' title='bbox 1578 1383 1710 1413; x_wconf 86' lang='lat' dir='ltr'>diversa</span> <span class='ocrx_word' id='word_1_218' title='bbox 1735 1382 1876 1413; x_wconf 87' lang='lat' dir='ltr'>remedia</span> <span class='ocrx_word' id='word_1_219' title='bbox 1903 1383 1954 1412; x_wconf 89' lang='lat' dir='ltr'>in-</span> 
     </span>
     <span class='ocr_line' id='line_1_21' title="bbox 161 1444 1953 1484; baseline 0.001 -11"><span class='ocrx_word' id='word_1_220' title='bbox 161 1444 260 1484; x_wconf 82' lang='lat' dir='ltr'>venit,</span> <span class='ocrx_word' id='word_1_221' title='bbox 287 1449 321 1474; x_wconf 91' lang='lat' dir='ltr'>ut</span> <span class='ocrx_word' id='word_1_222' title='bbox 347 1453 447 1473; x_wconf 88' lang='lat' dir='ltr'>seusu</span> <span class='ocrx_word' id='word_1_223' title='bbox 474 1453 513 1473; x_wconf 87' lang='lat' dir='ltr'>ac</span> <span class='ocrx_word' id='word_1_224' title='bbox 539 1444 739 1474; x_wconf 85' lang='lat' dir='ltr'>describendi</span> <span class='ocrx_word' id='word_1_225' title='bbox 767 1444 856 1474; x_wconf 91' lang='lat' dir='ltr'>modo</span> <span class='ocrx_word' id='word_1_226' title='bbox 884 1445 992 1474; x_wconf 74' lang='lat' dir='ltr'>versui</span> <span class='ocrx_word' id='word_1_227' title='bbox 1018 1455 1048 1484; x_wconf 86' lang='lat' dir='ltr'>p.</span> <span class='ocrx_word' id='word_1_228' title='bbox 1076 1445 1103 1474; x_wconf 62' lang='grc' dir='ltr'>Η</span> <span class='ocrx_word' id='word_1_229' title='bbox 1130 1455 1162 1476; x_wconf 90' lang='lat' dir='ltr'>v.</span> <span class='ocrx_word' id='word_1_230' title='bbox 1191 1445 1223 1475; x_wconf 89' lang='lat'>3.</span> <span class='ocrx_word' id='word_1_231' title='bbox 1259 1446 1309 1475; x_wconf 88' lang='lat' dir='ltr'>hic</span> <span class='ocrx_word' id='word_1_232' title='bbox 1342 1454 1459 1475; x_wconf 78' lang='lat' dir='ltr'>versus</span> <span class='ocrx_word' id='word_1_233' title='bbox 1491 1444 1601 1474; x_wconf 87' lang='lat' dir='ltr'>similis</span> <span class='ocrx_word' id='word_1_234' title='bbox 1637 1447 1690 1475; x_wconf 74' lang='lat' dir='ltr'>sit,</span> <span class='ocrx_word' id='word_1_235' title='bbox 1751 1444 1953 1474; x_wconf 87' lang='lat' dir='ltr'>Scholiastes</span> 
     </span>
     <span class='ocr_line' id='line_1_22' title="bbox 161 1506 1953 1548; baseline -0.002 -11"><span class='ocrx_word' id='word_1_236' title='bbox 161 1512 268 1537; x_wconf 78' lang='lat' dir='ltr'>autem</span> <span class='ocrx_word' id='word_1_237' title='bbox 294 1507 493 1537; x_wconf 79' lang='lat' dir='ltr'>Mersukium</span> <span class='ocrx_word' id='word_1_238' title='bbox 522 1512 652 1537; x_wconf 77' lang='lat' dir='ltr'>secutus</span> <span class='ocrx_word' id='word_1_239' title='bbox 681 1508 842 1537; x_wconf 77' lang='lat' dir='ltr'>diversam</span> <span class='ocrx_word' id='word_1_240' title='bbox 871 1508 986 1548; x_wconf 79' lang='lat' dir='ltr'>agendi</span> <span class='ocrx_word' id='word_1_241' title='bbox 1014 1508 1166 1538; x_wconf 74' lang='lat' dir='ltr'>rationem</span> <span class='ocrx_word' id='word_1_242' title='bbox 1193 1508 1223 1538; x_wconf 88' lang='lat' dir='ltr'>in</span> <span class='ocrx_word' id='word_1_243' title='bbox 1259 1507 1469 1547; x_wconf 80' lang='lat' dir='ltr'>abstinentia,</span> <span class='ocrx_word' id='word_1_244' title='bbox 1503 1508 1659 1545; x_wconf 86' lang='lat' dir='ltr'>scientia,</span> <span class='ocrx_word' id='word_1_245' title='bbox 1697 1506 1811 1535; x_wconf 91' lang='lat' dir='ltr'>robore</span> <span class='ocrx_word' id='word_1_246' title='bbox 1838 1509 1868 1535; x_wconf 86' lang='lat' dir='ltr'>et</span> <span class='ocrx_word' id='word_1_247' title='bbox 1892 1514 1953 1535; x_wconf 86' lang='lat' dir='ltr'>au-</span> 
     </span>
    </p>
   </div>
   <div class='ocr_carea' id='block_1_11' title="bbox 160 1569 1142 1611">
    <p class='ocr_par' dir='ltr' id='par_1_11' title="bbox 160 1569 1142 1611">
     <span class='ocr_line' id='line_1_23' title="bbox 160 1569 1142 1611; baseline 0.002 -12"><span class='ocrx_word' id='word_1_248' title='bbox 160 1569 254 1599; x_wconf 83' lang='lat' dir='ltr'>dacia</span> <span class='ocrx_word' id='word_1_249' title='bbox 280 1570 310 1598; x_wconf 92' lang='lat' dir='ltr'>in</span> <span class='ocrx_word' id='word_1_250' title='bbox 337 1569 433 1598; x_wconf 89' lang='lat' dir='ltr'>rebus</span> <span class='ocrx_word' id='word_1_251' title='bbox 462 1570 564 1598; x_wconf 91' lang='lat' dir='ltr'>Deum</span> <span class='ocrx_word' id='word_1_252' title='bbox 592 1570 811 1609; x_wconf 77' lang='lat' dir='ltr'>spectantibus</span> <span class='ocrx_word' id='word_1_253' title='bbox 839 1570 1013 1611; x_wconf 81' lang='lat' dir='ltr'>significari</span> <span class='ocrx_word' id='word_1_254' title='bbox 1041 1576 1142 1610; x_wconf 87' lang='lat' dir='ltr'>putat.</span> 
     </span>
    </p>
   </div>
   <div class='ocr_carea' id='block_1_12' title="bbox 186 1664 1913 1830">
    <p class='ocr_par' dir='ltr' id='par_1_12' title="bbox 186 1664 1913 1830">
     <span class='ocr_line' id='line_1_24' title="bbox 975 1664 1141 1698; baseline -0.012 0"><span class='ocrx_word' id='word_1_255' title='bbox 975 1664 1141 1698; x_wconf 58' lang='lat' dir='ltr'>TCEX.</span> 
     </span>
     <span class='ocr_line' id='line_1_25' title="bbox 186 1727 1913 1773; baseline -0.001 -11"><span class='ocrx_word' id='word_1_256' title='bbox 186 1727 327 1762; x_wconf 70' lang='lat' dir='ltr'>flixit</span> <span class='ocrx_word' id='word_1_257' title='bbox 349 1729 556 1763; x_wconf 73' lang='lat' dir='ltr'>Hor-aits</span> <span class='ocrx_word' id='word_1_258' title='bbox 579 1731 621 1773; x_wconf 64' lang='grc' dir='ltr'>ξι</span> <span class='ocrx_word' id='word_1_259' title='bbox 644 1730 860 1764; x_wconf 68' lang='lat' dir='ltr'>Ahnnab</span> <span class='ocrx_word' id='word_1_260' title='bbox 885 1731 926 1764; x_wconf 77' lang='lat' dir='ltr'>l».</span> <span class='ocrx_word' id='word_1_261' title='bbox 950 1731 1156 1764; x_wconf 66' lang='lat' dir='ltr'>Blathar</span> <span class='ocrx_word' id='word_1_262' title='bbox 1178 1732 1217 1764; x_wconf 78' lang='lat' dir='ltr'>b.</span> <span class='ocrx_word' id='word_1_263' title='bbox 1241 1730 1442 1765; x_wconf 80' lang='lat' dir='ltr'>Silsilah</span> <span class='ocrx_word' id='word_1_264' title='bbox 1467 1730 1508 1763; x_wconf 79' lang='lat' dir='ltr'>l».</span> <span class='ocrx_word' id='word_1_265' title='bbox 1532 1729 1670 1763; x_wconf 54' lang='lat' dir='ltr'>(Jahn</span> <span class='ocrx_word' id='word_1_266' title='bbox 1697 1728 1736 1761; x_wconf 75' lang='lat'>1».</span> <span class='ocrx_word' id='word_1_267' title='bbox 1759 1727 1913 1762; x_wconf 70' lang='lat' dir='ltr'>Aunf.</span> 
     </span>
     <span class='ocr_line' id='line_1_26' title="bbox 843 1789 1270 1830; baseline 0 -11"><span class='ocrx_word' id='word_1_268' title='bbox 843 1789 969 1829; x_wconf 83' lang='lat' dir='ltr'>(conf.</span> <span class='ocrx_word' id='word_1_269' title='bbox 1000 1792 1109 1821; x_wconf 84' lang='lat' dir='ltr'>llam.</span> <span class='ocrx_word' id='word_1_270' title='bbox 1137 1801 1167 1830; x_wconf 90' lang='lat' dir='ltr'>p.</span> <span class='ocrx_word' id='word_1_271' title='bbox 1195 1792 1270 1829; x_wconf 53' lang='lat' dir='ltr'>lrr&#39;).</span> 
     </span>
    </p>
   </div>
   <div class='ocr_carea' id='block_1_13' title="bbox 158 1857 1987 2588">
    <p class='ocr_par' dir='ltr' id='par_1_13' title="bbox 161 1857 1951 1900">
     <span class='ocr_line' id='line_1_27' title="bbox 161 1857 1951 1900; baseline -0.001 -13"><span class='ocrx_word' id='word_1_272' title='bbox 161 1859 192 1888; x_wconf 86' lang='lat'>1.</span> <span class='ocrx_word' id='word_1_273' title='bbox 215 1857 318 1894; x_wconf 79' lang='lat' dir='ltr'>Quum</span> <span class='ocrx_word' id='word_1_274' title='bbox 338 1869 462 1888; x_wconf 73' lang='lat' dir='ltr'>serrum</span> <span class='ocrx_word' id='word_1_275' title='bbox 485 1861 624 1889; x_wconf 67' lang='lat' dir='ltr'>A&#39;ablmn</span> <span class='ocrx_word' id='word_1_276' title='bbox 645 1872 694 1890; x_wconf 81' lang='lat' dir='ltr'>me</span> <span class='ocrx_word' id='word_1_277' title='bbox 715 1862 940 1900; x_wconf 76' lang='lat' dir='ltr'>relinqnenlem</span> <span class='ocrx_word' id='word_1_278' title='bbox 965 1864 1110 1891; x_wconf 66' lang='lat' dir='ltr'>vidissem</span> <span class='ocrx_word' id='word_1_279' title='bbox 1133 1865 1165 1890; x_wconf 80' lang='lat' dir='ltr'>in</span> <span class='ocrx_word' id='word_1_280' title='bbox 1188 1863 1319 1893; x_wconf 76' lang='lat' dir='ltr'>deserto,</span> <span class='ocrx_word' id='word_1_281' title='bbox 1344 1863 1377 1890; x_wconf 78' lang='lat' dir='ltr'>in</span> <span class='ocrx_word' id='word_1_282' title='bbox 1398 1871 1458 1899; x_wconf 84' lang='lat' dir='ltr'>quo</span> <span class='ocrx_word' id='word_1_283' title='bbox 1479 1862 1588 1889; x_wconf 77' lang='lat' dir='ltr'>mortis</span> <span class='ocrx_word' id='word_1_284' title='bbox 1606 1869 1703 1888; x_wconf 76' lang='lat' dir='ltr'>casus</span> <span class='ocrx_word' id='word_1_285' title='bbox 1718 1868 1789 1887; x_wconf 79' lang='lat' dir='ltr'>sese</span> <span class='ocrx_word' id='word_1_286' title='bbox 1808 1861 1951 1897; x_wconf 82' lang='lat' dir='ltr'>offerunt,</span> 
     </span>
    </p>

    <p class='ocr_par' dir='ltr' id='par_1_14' title="bbox 158 1916 1987 2588">
     <span class='ocr_line' id='line_1_28' title="bbox 262 1916 1952 1960; baseline -0.001 -14"><span class='ocrx_word' id='word_1_287' title='bbox 262 1917 295 1946; x_wconf 86' lang='lat' dir='ltr'>ln</span> <span class='ocrx_word' id='word_1_288' title='bbox 321 1917 380 1946; x_wconf 84' lang='lat' dir='ltr'>hoc</span> <span class='ocrx_word' id='word_1_289' title='bbox 407 1927 525 1956; x_wconf 77' lang='lat' dir='ltr'>versu,</span> <span class='ocrx_word' id='word_1_290' title='bbox 565 1920 615 1956; x_wconf 87' lang='lat' dir='ltr'>qui</span> <span class='ocrx_word' id='word_1_291' title='bbox 643 1929 712 1949; x_wconf 88' lang='lat' dir='ltr'>eum</span> <span class='ocrx_word' id='word_1_292' title='bbox 737 1925 896 1960; x_wconf 78' lang='lat' dir='ltr'>sequente</span> <span class='ocrx_word' id='word_1_293' title='bbox 924 1920 1098 1955; x_wconf 79' lang='lat' dir='ltr'>cohaeret,</span> <span class='ocrx_word' id='word_1_294' title='bbox 1138 1924 1234 1958; x_wconf 85' lang='lat' dir='ltr'>poeta</span> <span class='ocrx_word' id='word_1_295' title='bbox 1260 1928 1298 1947; x_wconf 87' lang='lat' dir='ltr'>se</span> <span class='ocrx_word' id='word_1_296' title='bbox 1325 1918 1354 1947; x_wconf 91' lang='lat' dir='ltr'>in</span> <span class='ocrx_word' id='word_1_297' title='bbox 1382 1918 1511 1947; x_wconf 87' lang='lat' dir='ltr'>deserto</span> <span class='ocrx_word' id='word_1_298' title='bbox 1539 1917 1683 1947; x_wconf 85' lang='lat' dir='ltr'>relictum</span> <span class='ocrx_word' id='word_1_299' title='bbox 1710 1916 1808 1946; x_wconf 82' lang='lat' dir='ltr'>fuisse</span> <span class='ocrx_word' id='word_1_300' title='bbox 1835 1920 1952 1946; x_wconf 87' lang='lat' dir='ltr'>narrat.</span> 
     </span>
     <span class='ocr_line' id='line_1_29' title="bbox 162 1977 1951 2023; baseline -0.002 -13"><span class='ocrx_word' id='word_1_301' title='bbox 162 1978 253 2010; x_wconf 88' lang='lat' dir='ltr'>Gens</span> <span class='ocrx_word' id='word_1_302' title='bbox 280 1979 429 2019; x_wconf 77' lang='lat' dir='ltr'>Nabhan,</span> <span class='ocrx_word' id='word_1_303' title='bbox 456 1989 526 2009; x_wconf 89' lang='lat' dir='ltr'>uam</span> <span class='ocrx_word' id='word_1_304' title='bbox 554 1981 711 2021; x_wconf 81' lang='lat' dir='ltr'>Nablian,</span> <span class='ocrx_word' id='word_1_305' title='bbox 749 1992 766 2012; x_wconf 88' lang='lat' dir='ltr'>a</span> <span class='ocrx_word' id='word_1_306' title='bbox 794 1992 854 2021; x_wconf 89' lang='lat' dir='ltr'>quo</span> <span class='ocrx_word' id='word_1_307' title='bbox 882 1983 951 2011; x_wconf 74' lang='lat' dir='ltr'>viro</span> <span class='ocrx_word' id='word_1_308' title='bbox 988 1992 1070 2022; x_wconf 85' lang='lat' dir='ltr'>gens</span> <span class='ocrx_word' id='word_1_309' title='bbox 1100 1984 1253 2023; x_wconf 77' lang='lat' dir='ltr'>originem</span> <span class='ocrx_word' id='word_1_310' title='bbox 1289 1981 1438 2021; x_wconf 83' lang='lat' dir='ltr'>habebat,</span> <span class='ocrx_word' id='word_1_311' title='bbox 1474 1989 1530 2020; x_wconf 86' lang='lat' dir='ltr'>pro</span> <span class='ocrx_word' id='word_1_312' title='bbox 1566 1979 1833 2010; x_wconf 79' lang='lat' dir='ltr'>Banu-Nabhan</span> <span class='ocrx_word' id='word_1_313' title='bbox 1860 1977 1951 2014; x_wconf 81' lang='lat' dir='ltr'>dixit,</span> 
     </span>
     <span class='ocr_line' id='line_1_30' title="bbox 161 2037 1953 2085; baseline -0.001 -15"><span class='ocrx_word' id='word_1_314' title='bbox 161 2043 267 2083; x_wconf 84' lang='lat' dir='ltr'>gentis</span> <span class='ocrx_word' id='word_1_315' title='bbox 295 2043 374 2072; x_wconf 84' lang='lat' dir='ltr'>Thai</span> <span class='ocrx_word' id='word_1_316' title='bbox 403 2052 475 2081; x_wconf 80' lang='lat' dir='ltr'>pars</span> <span class='ocrx_word' id='word_1_317' title='bbox 512 2047 600 2080; x_wconf 84' lang='lat' dir='ltr'>erat,</span> <span class='ocrx_word' id='word_1_318' title='bbox 637 2053 719 2082; x_wconf 84' lang='lat' dir='ltr'>quae</span> <span class='ocrx_word' id='word_1_319' title='bbox 759 2050 892 2074; x_wconf 84' lang='lat' dir='ltr'>montem</span> <span class='ocrx_word' id='word_1_320' title='bbox 927 2045 1037 2074; x_wconf 75' lang='lat' dir='ltr'>Salina</span> <span class='ocrx_word' id='word_1_321' title='bbox 1073 2043 1227 2073; x_wconf 78' lang='lat' dir='ltr'>incolebat</span> <span class='ocrx_word' id='word_1_322' title='bbox 1256 2039 1380 2085; x_wconf 84' lang='lat' dir='ltr'>(conf.</span> <span class='ocrx_word' id='word_1_323' title='bbox 1408 2043 1501 2072; x_wconf 88' lang='lat' dir='ltr'>llam.</span> <span class='ocrx_word' id='word_1_324' title='bbox 1528 2052 1558 2082; x_wconf 89' lang='lat' dir='ltr'>p.</span> <span class='ocrx_word' id='word_1_325' title='bbox 1587 2045 1628 2072; x_wconf 80' lang='lat' dir='ltr'>lvv</span> <span class='ocrx_word' id='word_1_326' title='bbox 1656 2042 1674 2071; x_wconf 94' lang='lat' dir='ltr'>l.</span> <span class='ocrx_word' id='word_1_327' title='bbox 1704 2037 1760 2084; x_wconf 76' lang='grc'>2.).</span> <span class='ocrx_word' id='word_1_328' title='bbox 1814 2040 1953 2071; x_wconf 90' lang='lat' dir='ltr'>Gentem</span> 
     </span>
     <span class='ocr_line' id='line_1_31' title="bbox 161 2103 1952 2146; baseline -0.002 -11"><span class='ocrx_word' id='word_1_329' title='bbox 161 2111 288 2144; x_wconf 81' lang='lat' dir='ltr'>autem,</span> <span class='ocrx_word' id='word_1_330' title='bbox 321 2110 357 2136; x_wconf 89' lang='lat' dir='ltr'>ut</span> <span class='ocrx_word' id='word_1_331' title='bbox 387 2114 423 2134; x_wconf 89' lang='lat' dir='ltr'>se</span> <span class='ocrx_word' id='word_1_332' title='bbox 451 2115 522 2134; x_wconf 85' lang='lat' dir='ltr'>eum</span> <span class='ocrx_word' id='word_1_333' title='bbox 551 2105 715 2144; x_wconf 83' lang='lat' dir='ltr'>despicere</span> <span class='ocrx_word' id='word_1_334' title='bbox 754 2106 926 2146; x_wconf 83' lang='lat' dir='ltr'>indicaret,</span> <span class='ocrx_word' id='word_1_335' title='bbox 955 2115 1084 2135; x_wconf 82' lang='lat' dir='ltr'>servum</span> <span class='ocrx_word' id='word_1_336' title='bbox 1113 2106 1296 2145; x_wconf 84' lang='lat' dir='ltr'>appellavit.</span> <span class='ocrx_word' id='word_1_337' title='bbox 1348 2107 1424 2136; x_wconf 71' lang='lat' dir='ltr'>Vox</span> <span class='ocrx_word' id='word_1_338' title='bbox 1451 2103 1555 2145; x_wconf 56' lang='lat' dir='ltr'>aet-d,</span> <span class='ocrx_word' id='word_1_339' title='bbox 1591 2106 1712 2136; x_wconf 88' lang='lat' dir='ltr'>omisso</span> <span class='ocrx_word' id='word_1_340' title='bbox 1739 2104 1952 2143; x_wconf 77' lang='lat' dir='ltr'>substantivo,</span> 
     </span>
     <span class='ocr_line' id='line_1_32' title="bbox 160 2165 1952 2209; baseline -0.003 -11"><span class='ocrx_word' id='word_1_341' title='bbox 160 2169 336 2209; x_wconf 82' lang='lat' dir='ltr'>desertum,</span> <span class='ocrx_word' id='word_1_342' title='bbox 362 2169 392 2198; x_wconf 89' lang='lat' dir='ltr'>iu</span> <span class='ocrx_word' id='word_1_343' title='bbox 419 2176 480 2207; x_wconf 89' lang='lat' dir='ltr'>quo</span> <span class='ocrx_word' id='word_1_344' title='bbox 510 2177 650 2207; x_wconf 79' lang='lat' dir='ltr'>vapores</span> <span class='ocrx_word' id='word_1_345' title='bbox 679 2168 819 2198; x_wconf 85' lang='lat' dir='ltr'>meridiei</span> <span class='ocrx_word' id='word_1_346' title='bbox 850 2173 993 2208; x_wconf 85' lang='lat' dir='ltr'>tempore</span> <span class='ocrx_word' id='word_1_347' title='bbox 1021 2167 1209 2208; x_wconf 81' lang='lat' dir='ltr'>splendent,</span> <span class='ocrx_word' id='word_1_348' title='bbox 1238 2178 1338 2207; x_wconf 86' lang='lat' dir='ltr'>aquae</span> <span class='ocrx_word' id='word_1_349' title='bbox 1375 2171 1518 2208; x_wconf 86' lang='lat' dir='ltr'>speciem</span> <span class='ocrx_word' id='word_1_350' title='bbox 1545 2169 1750 2208; x_wconf 85' lang='lat' dir='ltr'>praebentes,</span> <span class='ocrx_word' id='word_1_351' title='bbox 1786 2165 1952 2205; x_wconf 83' lang='lat' dir='ltr'>significat.</span> 
     </span>
     <span class='ocr_line' id='line_1_33' title="bbox 159 2227 1953 2270; baseline -0.003 -9"><span class='ocrx_word' id='word_1_352' title='bbox 159 2232 250 2261; x_wconf 87' lang='lat' dir='ltr'>&#39;l&#39;alia</span> <span class='ocrx_word' id='word_1_353' title='bbox 275 2230 403 2261; x_wconf 78' lang='lat' dir='ltr'>deserta</span> <span class='ocrx_word' id='word_1_354' title='bbox 429 2231 604 2261; x_wconf 79' lang='lat' dir='ltr'>viatoribus</span> <span class='ocrx_word' id='word_1_355' title='bbox 632 2231 908 2270; x_wconf 84' lang='lat' dir='ltr'>periculosissima</span> <span class='ocrx_word' id='word_1_356' title='bbox 935 2235 1022 2270; x_wconf 81' lang='lat' dir='ltr'>sunt,</span> <span class='ocrx_word' id='word_1_357' title='bbox 1051 2231 1168 2269; x_wconf 88' lang='lat' dir='ltr'>quippe</span> <span class='ocrx_word' id='word_1_358' title='bbox 1196 2240 1279 2269; x_wconf 88' lang='lat' dir='ltr'>quae</span> <span class='ocrx_word' id='word_1_359' title='bbox 1306 2230 1449 2260; x_wconf 83' lang='lat' dir='ltr'>viatores</span> <span class='ocrx_word' id='word_1_360' title='bbox 1476 2231 1506 2260; x_wconf 89' lang='lat' dir='ltr'>in</span> <span class='ocrx_word' id='word_1_361' title='bbox 1540 2240 1678 2260; x_wconf 88' lang='lat' dir='ltr'>errorem</span> <span class='ocrx_word' id='word_1_362' title='bbox 1707 2229 1835 2259; x_wconf 87' lang='lat' dir='ltr'>ducunt.</span> <span class='ocrx_word' id='word_1_363' title='bbox 1865 2227 1953 2256; x_wconf 84' lang='lat' dir='ltr'>Dixit</span> 
     </span>
     <span class='ocr_line' id='line_1_34' title="bbox 160 2286 1952 2338; baseline -0.003 -15"><span class='ocrx_word' id='word_1_364' title='bbox 160 2297 256 2332; x_wconf 81' lang='lat' dir='ltr'>poeta</span> <span class='ocrx_word' id='word_1_365' title='bbox 293 2291 528 2322; x_wconf 82' lang='lat' dir='ltr'>Ebu-Ahmar</span> <span class='ocrx_word' id='word_1_366' title='bbox 559 2292 667 2330; x_wconf 85' lang='lat' dir='ltr'>(metr.</span> <span class='ocrx_word' id='word_1_367' title='bbox 701 2292 833 2332; x_wconf 82' lang='lat' dir='ltr'>Saril1):</span> <span class='ocrx_word' id='word_1_368' title='bbox 875 2286 958 2336; x_wconf 51' lang='lat'>,3433</span> <span class='ocrx_word' id='word_1_369' title='bbox 988 2291 1048 2333; x_wconf 36' lang='grc' dir='ltr'>[ἢὸ</span> <span class='ocrx_word' id='word_1_370' title='bbox 1069 2286 1154 2338; x_wconf 37' lang='lat' dir='ltr'>,Lus</span> <span class='ocrx_word' id='word_1_371' title='bbox 1179 2290 1249 2323; x_wconf 59' lang='lat' dir='ltr'>:³2:OE</span> <span class='ocrx_word' id='word_1_372' title='bbox 1275 2295 1376 2334; x_wconf 47' lang='lat' dir='ltr'>asa-³3:0¹</span> <span class='ocrx_word' id='word_1_373' title='bbox 1402 2309 1445 2332; x_wconf 65' lang='lat' dir='ltr'>U.</span> <span class='ocrx_word' id='word_1_374' title='bbox 1471 2291 1530 2333; x_wconf 52' lang='lat'>&amp;23</span> <span class='ocrx_word' id='word_1_375' title='bbox 1556 2298 1628 2338; x_wconf 45' lang='grc' dir='ltr'>Ο»)</span> <span class='ocrx_word' id='word_1_376' title='bbox 1659 2290 1722 2329; x_wconf 55' lang='lat'>„5</span> <span class='ocrx_word' id='word_1_377' title='bbox 1752 2290 1858 2328; x_wconf 84' lang='lat' dir='ltr'>Quot</span> <span class='ocrx_word' id='word_1_378' title='bbox 1884 2288 1952 2318; x_wconf 89' lang='lat' dir='ltr'>de—</span> 
     </span>
     <span class='ocr_line' id='line_1_35' title="bbox 160 2353 1948 2397; baseline -0.003 -11"><span class='ocrx_word' id='word_1_379' title='bbox 160 2361 298 2393; x_wconf 87' lang='lat' dir='ltr'>serta,</span> <span class='ocrx_word' id='word_1_380' title='bbox 334 2357 373 2385; x_wconf 92' lang='lat' dir='ltr'>in</span> <span class='ocrx_word' id='word_1_381' title='bbox 401 2355 551 2394; x_wconf 90' lang='lat' dir='ltr'>quibus</span> <span class='ocrx_word' id='word_1_382' title='bbox 577 2363 761 2393; x_wconf 81' lang='lat' dir='ltr'>vapores</span> <span class='ocrx_word' id='word_1_383' title='bbox 789 2355 1015 2386; x_wconf 86' lang='lat' dir='ltr'>meridiani</span> <span class='ocrx_word' id='word_1_384' title='bbox 1042 2355 1288 2397; x_wconf 89' lang='lat' dir='ltr'>splendent,</span> <span class='ocrx_word' id='word_1_385' title='bbox 1327 2357 1368 2387; x_wconf 92' lang='lat' dir='ltr'>in</span> <span class='ocrx_word' id='word_1_386' title='bbox 1396 2357 1545 2396; x_wconf 88' lang='lat' dir='ltr'>quibus</span> <span class='ocrx_word' id='word_1_387' title='bbox 1573 2360 1672 2385; x_wconf 83' lang='lat' dir='ltr'>vota</span> <span class='ocrx_word' id='word_1_388' title='bbox 1698 2353 1948 2392; x_wconf 90' lang='lat' dir='ltr'>suscipiun-</span> 
     </span>
     <span class='ocr_line' id='line_1_36' title="bbox 160 2415 1949 2460; baseline -0.004 -11"><span class='ocrx_word' id='word_1_389' title='bbox 160 2423 247 2460; x_wconf 78' lang='lat' dir='ltr'>tur,</span> <span class='ocrx_word' id='word_1_390' title='bbox 279 2428 299 2449; x_wconf 87' lang='lat' dir='ltr'>a</span> <span class='ocrx_word' id='word_1_391' title='bbox 324 2418 440 2448; x_wconf 80' lang='lat' dir='ltr'>Laila</span> <span class='ocrx_word' id='word_1_392' title='bbox 473 2428 532 2448; x_wconf 90' lang='lat' dir='ltr'>me</span> <span class='ocrx_word' id='word_1_393' title='bbox 564 2416 781 2456; x_wconf 84' lang='lat' dir='ltr'>separant!</span> <span class='ocrx_word' id='word_1_394' title='bbox 839 2418 1043 2448; x_wconf 85' lang='lat' dir='ltr'>Scholiastes</span> <span class='ocrx_word' id='word_1_395' title='bbox 1079 2417 1244 2448; x_wconf 87' lang='lat' dir='ltr'>desertum</span> <span class='ocrx_word' id='word_1_396' title='bbox 1281 2419 1342 2448; x_wconf 91' lang='lat' dir='ltr'>hoc</span> <span class='ocrx_word' id='word_1_397' title='bbox 1368 2419 1398 2447; x_wconf 91' lang='lat' dir='ltr'>in</span> <span class='ocrx_word' id='word_1_398' title='bbox 1426 2427 1523 2447; x_wconf 85' lang='lat' dir='ltr'>versu</span> <span class='ocrx_word' id='word_1_399' title='bbox 1550 2426 1607 2456; x_wconf 89' lang='lat' dir='ltr'>per</span> <span class='ocrx_word' id='word_1_400' title='bbox 1633 2415 1856 2454; x_wconf 69' lang='lat' dir='ltr'>metonymiam</span> <span class='ocrx_word' id='word_1_401' title='bbox 1884 2422 1949 2443; x_wconf 89' lang='lat' dir='ltr'>rem</span> 
     </span>
     <span class='ocr_line' id='line_1_37' title="bbox 159 2473 1987 2523; baseline -0.004 -12"><span class='ocrx_word' id='word_1_402' title='bbox 159 2480 319 2512; x_wconf 83' lang='lat' dir='ltr'>difficilem</span> <span class='ocrx_word' id='word_1_403' title='bbox 345 2484 377 2511; x_wconf 84' lang='lat' dir='ltr'>et</span> <span class='ocrx_word' id='word_1_404' title='bbox 402 2481 615 2511; x_wconf 76' lang='lat' dir='ltr'>calamitatem</span> <span class='ocrx_word' id='word_1_405' title='bbox 642 2480 825 2521; x_wconf 85' lang='lat' dir='ltr'>significare</span> <span class='ocrx_word' id='word_1_406' title='bbox 851 2490 950 2520; x_wconf 87' lang='lat' dir='ltr'>posse</span> <span class='ocrx_word' id='word_1_407' title='bbox 981 2485 1081 2520; x_wconf 87' lang='lat' dir='ltr'>putat.</span> <span class='ocrx_word' id='word_1_408' title='bbox 1146 2480 1231 2510; x_wconf 86' lang='lat' dir='ltr'>Idem</span> <span class='ocrx_word' id='word_1_409' title='bbox 1259 2480 1392 2510; x_wconf 88' lang='lat' dir='ltr'>verbum</span> <span class='ocrx_word' id='word_1_410' title='bbox 1412 2476 1495 2523; x_wconf 48' lang='lat'>,3²3⁴</span> <span class='ocrx_word' id='word_1_411' title='bbox 1521 2479 1619 2508; x_wconf 85' lang='lat' dir='ltr'>verbo</span> <span class='ocrx_word' id='word_1_412' title='bbox 1647 2473 1756 2506; x_wconf 60' lang='lat' dir='ltr'>cao-5³</span> <span class='ocrx_word' id='word_1_413' title='bbox 1783 2480 1815 2505; x_wconf 89' lang='lat' dir='ltr'>et</span> <span class='ocrx_word' id='word_1_414' title='bbox 1838 2478 1950 2519; x_wconf 51' lang='lat' dir='ltr'>0⁶3⁶·ss</span> <span class='ocrx_word' id='word_1_415' title='bbox 1980 2484 1987 2491; x_wconf 94' lang='grc'><em>·</em></span> 
     </span>
     <span class='ocr_line' id='line_1_38' title="bbox 158 2536 1945 2588; baseline -0.004 -14"><span class='ocrx_word' id='word_1_416' title='bbox 158 2543 352 2586; x_wconf 82' lang='lat' dir='ltr'>explicavit3</span> <span class='ocrx_word' id='word_1_417' title='bbox 381 2544 453 2575; x_wconf 86' lang='lat' dir='ltr'>mihi</span> <span class='ocrx_word' id='word_1_418' title='bbox 482 2548 584 2574; x_wconf 82' lang='lat' dir='ltr'>autem</span> <span class='ocrx_word' id='word_1_419' title='bbox 612 2543 712 2574; x_wconf 87' lang='lat' dir='ltr'>verba</span> <span class='ocrx_word' id='word_1_420' title='bbox 739 2552 812 2574; x_wconf 88' lang='lat' dir='ltr'>cum</span> <span class='ocrx_word' id='word_1_421' title='bbox 837 2542 987 2583; x_wconf 87' lang='lat' dir='ltr'>loquendi</span> <span class='ocrx_word' id='word_1_422' title='bbox 1006 2541 1098 2572; x_wconf 85' lang='lat' dir='ltr'>modo</span> <span class='ocrx_word' id='word_1_423' title='bbox 1113 2538 1437 2588; x_wconf 41' lang='lat' dir='ltr'>aiij-absttxlldhb,</span> <span class='ocrx_word' id='word_1_424' title='bbox 1465 2549 1558 2579; x_wconf 89' lang='lat' dir='ltr'>quem</span> <span class='ocrx_word' id='word_1_425' title='bbox 1575 2538 1766 2579; x_wconf 86' lang='lat' dir='ltr'>Djeuharius</span> <span class='ocrx_word' id='word_1_426' title='bbox 1787 2536 1945 2567; x_wconf 81' lang='lat' dir='ltr'>adnotans</span> 
     </span>
    </p>
   </div>
  </div>
 </body>
</html>
