2247 2865
953 80 1221 112 —229—

193 185 367 226 patientiae
394 184 524 214 utilitas,
552 182 657 222 Quum
683 186 791 212 nutem
820 180 850 211 in
878 189 978 211 versu
1005 180 1186 220 posteriore
1212 189 1250 209 se
1277 188 1420 219 suosque
1446 183 1597 220 tanquam
1623 181 1785 220 patientes
1811 179 1983 221 describat,

193 252 279 287 sunt,
306 247 357 287 qui
373 246 491 284 dicant,
516 255 631 275 vocem
652 247 707 291 3⁸3
722 245 754 274 in
781 243 882 284 primo
908 252 1009 273 versu
1036 252 1169 273 sensum
1195 243 1312 273 offerre
1343 252 1542 282 »persevera
1568 244 1598 272 in
1627 244 1814 284 patientia«,
1839 243 1905 283 *qui
1931 243 1981 273 in-

191 309 386 351 terpretandi
415 309 526 339 modus
553 306 636 337 haurd
663 308 871 337 necessarius
899 306 1037 346 videtur,
1064 306 1181 345 quippe
1207 307 1260 345 qui
1287 310 1429 346 tempore
1455 306 1625 346 praeterito
1654 309 1826 345 patientem
1850 316 1886 338 se
1906 316 1983 347 pro—

191 373 327 414 baverit,
353 375 382 403 is
409 376 443 402 ut
470 376 612 410 tempore
639 369 745 400 futuro
772 370 868 400 talem
895 378 933 399 se
961 372 1115 408 praestet,
1143 368 1263 399 hortari
1282 378 1321 398 se
1341 373 1461 408 potest,
1488 368 1626 409 Arabes,
1655 373 1690 399 ut
1713 369 1814 399 virum
1834 374 1983 410 tanquam

191 435 306 466 fortem
333 439 389 465 aut
413 433 548 464 debilem
575 432 807 470 describerent,
833 432 862 461 in
889 431 1100 471 comparando
1126 431 1237 462 lancea
1265 432 1315 462 usi
1341 436 1417 461 sunt
1436 431 1592 462 dicentes.
1624 430 1852 470 »Quorundam
1871 432 1983 461 lancea

191 498 267 528 dura
293 501 348 527 aut
375 495 569 536 quorundam
597 495 708 525 lancea
735 494 859 524 infirma
888 498 971 523 est.«
1013 494 1102 524 Dixit
1137 498 1251 534 poeta:
1290 490 1398 536 (metr.
1426 491 1555 537 camel)
1583 495 1749 526 Lancea
1784 504 1875 525 mea
1910 504 1984 534 per

191 569 293 601 curn,
327 559 393 599 qui
426 567 511 588 eam
539 562 701 587 rectam
730 556 909 587 reddere
935 555 1141 586 studebat
1168 553 1269 599 (conf.
1298 556 1417 586 Ahmru
1444 556 1609 586 b.Ke1th.
1638 557 1748 587 Moall.
1774 566 1806 587 v.
1836 557 1882 587 59
1911 555 1980 587 sch.

191 626 225 652 et
251 631 284 651 v.
312 616 398 663 52),
426 619 584 650 debilis
620 618 733 649 sacta
770 628 847 649 non
884 624 966 658 est3
1005 617 1079 648 sed
1113 618 1362 649 matutinum
1395 619 1778 658 vespertinumque
1810 624 1982 659 tempus

189 683 352 714 mollem
379 692 465 713 eam
493 681 687 713 reddidit.
726 681 940 721 comparandi
967 681 1080 712 modus
1108 681 1180 712 inde
1208 682 1374 712 desumtus
1401 686 1473 720 est,
1509 681 1591 721 quod
1619 691 1679 721 ope
1706 681 1782 711 ferri
1810 680 1896 714 Qu&
1922 690 1983 721 ap-

188 746 297 787 pellati
324 747 457 776 lanceae
486 745 606 787 lignum
637 750 759 775 rectum
785 744 970 775 reddebant.
1011 745 1070 775 vir
1103 745 1133 775 id
1169 745 1290 776 faciens
1318 741 1394 792 ,³⁸ss
1420 744 1649 784 appellabatur.
1686 743 1846 774 lnterdum
1875 747 1982 774 autem

188 806 303 846 fiebat,
330 812 365 838 ut
391 806 510 848 lignum
537 807 641 836 virum
667 806 698 836 id
725 806 908 848 adigentem
935 807 1145 838 vehementer
1172 812 1368 847 percuteret.
1406 807 1546 836 Diverso
1572 805 1663 836 modo
1690 805 1800 836 mulier
1827 805 1983 845 quaedam

188 869 284 902 dixit:
313 870 424 909 (metr.
451 869 582 909 Basith)
620 868 745 907 Quum
773 869 985 900 debilitas
1013 870 1093 900 viri
1120 869 1282 900 hastam
1310 868 1545 909 vilipendit
1572 869 1610 907 (i.
1639 878 1667 898 e.
1696 867 1813 910 efficit,
1842 873 1877 899 ut
1904 867 1979 897 vili-

189 932 376 973 pendatur),
406 931 526 962 silius
553 931 681 962 Salidi
707 931 867 962 hastam
894 932 981 962 duri
1008 933 1113 974 ligni
1139 936 1290 963 movet.
1317 932 1522 969 Verbaffm·
1541 921 1686 972 chi->⁸535
1707 931 1900 961 sententiam
1930 930 1981 960 in-

187 995 370 1026 termediam
397 997 481 1026 inter
507 995 718 1025 conditionem
744 995 877 1034 eiusque
903 995 1152 1035 propositionem
1182 999 1432 1034 consequentem
1459 994 1670 1025 constituunt.
1698 993 1868 1024 Obiectum
1889 992 1981 1023 verbi

186 1059 267 1097 3⁸²3
293 1064 419 1100 grata
445 1063 488 1089 et
513 1060 683 1100 ingrata
708 1057 929 1099 supplendum.
953 1058 1041 1088 Talis
1056 1062 1163 1089 autem
1176 1056 1337 1088 sententia
1348 1055 1534 1087 intermedia
1550 1056 1595 1086 rei
1610 1056 1777 1096 expositae
1791 1056 1855 1086 vim
1868 1059 1979 1096 auget.

185 1168 216 1196 7.
239 1166 306 1198 Sed
325 1169 450 1197 animas
468 1176 644 1206 generosas
665 1168 705 1196 iis
727 1163 900 1208 (casibus)
921 1167 1097 1204 obiecimus,
1121 1167 1235 1206 quibus
1255 1169 1287 1196 si
1305 1176 1367 1203 res,
1393 1176 1475 1206 quas
1494 1169 1624 1204 portare
1645 1175 1709 1196 non
1729 1166 1851 1200 valent,
1877 1167 1979 1203 impo-

835 1224 968 1259 nuntur,
990 1231 1046 1251 eas
1071 1224 1176 1251 tamen
1195 1224 1334 1259 portant.

284 1302 517 1333 Fortitudinem
541 1301 647 1343 animi,
671 1311 733 1342 qua
759 1302 835 1333 nulli
861 1302 907 1332 rei
933 1303 997 1332 etsi
1023 1303 1241 1344 gravissimae
1265 1303 1394 1342 cedunt,
1421 1303 1541 1336 laudat.
1568 1303 1708 1333 Verbum
1735 1299 1859 1348 abab)
1885 1301 1976 1331 vario

185 1366 278 1397 modo
306 1366 476 1406 explicant.
504 1366 666 1397 Suffixum
695 1363 729 1395 u>
755 1366 795 1397 ad
820 1376 935 1397 vocem
962 1355 1096 1408 &0535
1131 1376 1262 1397 casus
1289 1366 1488 1396 fortunae
1525 1364 1726 1395 referendum
1753 1368 1825 1405 est,
1863 1363 1908 1394 ita
1943 1367 1979 1394 ut

184 1427 422 1470 praepositione
449 1431 565 1459 omissa
595 1427 627 1457 w
653 1438 709 1468 pro
735 1425 776 1469 ῳ
804 1429 862 1468 sit,
890 1428 1152 1468 quemadmodum
1177 1425 1271 1457 2525
1296 1436 1354 1467 pro
1381 1424 1434 1457 215³
1460 1423 1589 1458 &Uet
1608 1423 1712 1473 2525),
1742 1426 1798 1466 p'ro
1824 1422 1868 1457 ὼ
1884 1427 1975 1473 aad),

183 1491 256 1530 (tibi
282 1500 414 1521 mensus
441 1492 528 1531 sum)
556 1490 682 1523 dicitur.
711 1492 782 1522 Hoc
810 1491 951 1522 admisso
977 1500 1045 1521 vox
1073 1488 1159 1532 Lan-,23
1185 1491 1277 1521 verbi
1304 1490 1464 1521 obiectum
1492 1494 1544 1520 est
1569 1489 1590 1519 i.
1609 1499 1638 1519 e.
1667 1489 1799 1519 Animas
1826 1493 1975 1528 tanquam

181 1546 264 1583 sella
292 1552 503 1583 instruximus
531 1562 588 1592 pro
616 1553 746 1582 casibus
773 1553 930 1583 fortunae.
958 1553 1196 1592 Comparantur
1222 1553 1320 1594 igitur
1347 1553 1472 1582 animae
1499 1561 1573 1582 cum
1600 1551 1738 1589 cameliS‚
1770 1551 1884 1590 quibus
1918 1559 1975 1581 ca-

182 1614 344 1645 lamitates
384 1613 535 1644 serendae
570 1614 780 1653 imponuntur.
827 1614 872 1645 Ut
907 1615 1052 1646 homines
1094 1616 1206 1646 cameli
1241 1616 1394 1657 generosi
1430 1615 1600 1656 dicuutur,
1639 1614 1689 1644 sic
1726 1613 1844 1643 animas
1879 1617 1976 1653 poeta

180 1686 361 1718 generosas
390 1677 567 1716 appellavit
596 1676 814 1718 indicaturus,
852 1686 909 1708 eas
944 1678 1047 1708 instar
1081 1678 1272 1708 camelorum
1309 1687 1540 1719 generosorum
1575 1678 1618 1708 nil
1653 1677 1783 1708 difficile
1808 1685 1972 1707 recusare.

179 1738 247 1769 Sed
274 1738 344 1769 fieri
370 1743 491 1778 potest7
518 1741 553 1768 ut
578 1737 733 1768 suffixum
761 1737 794 1767 w
820 1739 860 1769 ad
891 1748 1006 1770 nomen
1024 1749 1165 1779 sequens
1182 1738 1269 1782 [Λα-,ἑὸ
1288 1743 1456 1781 pertineat,
1484 1741 1604 1771 suffixo
1636 1740 1776 1770 adhibito
1803 1743 1972 1778 antequam

179 1800 314 1830 nominis
341 1801 459 1830 mentio
486 1800 571 1831 facta
594 1804 672 1832 erat.
700 1801 825 1831 Nomen
852 1802 951 1843 igitur
977 1811 1050 1833 cum
1079 1805 1266 1843 pronomine
1291 1808 1440 1843 tanquam
1466 1804 1626 1844 appositio
1645 1802 1840 1844 pronominis
1866 1800 1972 1841 expli-

180 1860 273 1892 candi
299 1870 397 1892 causa
423 1861 622 1892 coniunctum
651 1866 704 1893 est
729 1862 837 1893 conf.
866 1862 976 1894 Gram.
1006 1864 1062 1895 Ar.
1087 1865 1126 1895 Τ.
1151 1865 1191 1894 11.
1218 1875 1250 1905 p.
1277 1866 1360 1897 370.

177 1975 211 2005 8.
233 1974 380 2005 Pulchra
397 1977 551 2013 patientia
571 1978 697 2005 utentes
718 1978 844 2006 animae
866 1980 996 2006 nostras
1019 1978 1254 2008 custodivimus.
1275 1980 1328 2008 Ila
1346 1980 1471 2018 factum
1493 1982 1550 2014 est,
1573 1983 1612 2010 ul
1633 1979 1734 2009 bonor
1755 1981 1864 2008 noster
1885 1977 1975 2007 haud

629 2030 755 2060 *laesus
776 2034 828 2067 eit,
851 2032 926 2060 dum
947 2032 1090 2061 homines
1113 2029 1214 2073 salit]
1235 2035 1405 2062 esc-tenuati
1425 2036 1511 2062 sunl.

278 2111 349 2141 Hoc
374 2110 405 2140 in
431 2119 543 2149 versu,
570 2111 622 2150 qui
647 2111 679 2141 in
703 2112 860 2144 Mersukii
886 2123 985 2153 opere
1011 2114 1228 2153 desideratur,
1255 2114 1429 2155 patientiae
1455 2113 1625 2145 utilitatem
1654 2118 1687 2144 et
1710 2113 1781 2144 vita
1797 2117 1832 2143 et
1848 2111 1969 2142 honore

177 2176 372 2202 conservato
399 2171 560 2212 describit,
587 2172 661 2203 dum
688 2173 750 2214 alii,
778 2174 831 2214 qui
857 2175 975 2216 agendi
1001 2176 1155 2207 rationem
1180 2176 1262 2207 hanc
1288 2176 1394 2207 secuti
1418 2185 1481 2206 non
1502 2177 1578 2217 sint,
1605 2176 1674 2206 vita
1691 2179 1887 2205 conservata
1904 2173 1967 2204 ho-

176 2246 286 2268 norem
313 2235 515 2276 perdiderint.
543 2235 637 2274 Quod
657 2235 744 2281 finali
771 2248 869 2284 0³⁶⁴>
891 2238 980 2278 dixit,
1006 2247 1046 2268 eo
1072 2239 1255 2280 significare
1273 2239 1386 2278 voluit,
1414 2249 1505 2269 suam
1533 2241 1715 2279 patientiam
1741 2247 1803 2268 non
1828 2236 1968 2273 solitam,

177 2308 259 2339 quae
284 2298 316 2329 in
341 2298 410 2329 aliis
435 2306 558 2338 quoque
585 2301 781 2340 reperiatur,
807 2300 867 2330 sed
891 2300 1051 2331 insolitam
1081 2301 1357 2340 excellentemque
1383 2300 1496 2331 fuisse.
1534 2301 1645 2331 Verba
1672 2305 1780 2330 autem
1807 2301 1882 2328 sunt
1909 2305 1967 2337 pro

177 2358 262 2404 ‘⁵52ae
289 2367 416 2406 oms,
443 2367 538 2398 quum
566 2358 606 2389 ob
631 2360 797 2391 articulum
824 2361 855 2391 in
889 2370 974 2391 voce
1004 2359 1090 2406 5⁹²„
1127 2362 1280 2392 suffixum
1317 2372 1388 2393 eum
1423 2363 1551 2392 nomine
1584 2361 1731 2401 coniungi
1767 2368 1829 2390 nou
1863 2358 1967 2398 possit

176 2419 308 2462 (Gram.
334 2422 392 2452 Ar.
418 2422 456 2451 Τ.
488 2422 517 2452 1.
546 2430 576 2461 p.
604 2422 717 2461 49¹0.
759 2423 870 2454 Honor
895 2433 966 2456 cum
992 2425 1119 2456 animali
1145 2429 1349 2466 comparatus
1385 2423 1498 2454 dicitur
1522 2432 1622 2453 sanus
1651 2425 1683 2452 et
1709 2421 1808 2452 morbi
1835 2429 1965 2460 expers.

176 2484 238 2515 nic
269 2483 473 2525 comparandi
505 2483 620 2515 modus
655 2483 686 2513 in
721 2485 829 2515 verbis
853 2482 913 2533 dp
937 2484 1047 2527 &LI-Ji,
1074 2487 1286 2529 observatur,
1328 2496 1401 2517 nam
1428 2482 1540 2527 oab-Ji,
1566 2488 1616 2515 est
1644 2492 1701 2524 pro
1725 2478 1819 2524 (sbi-ll
1846 2480 1964 2525 melfi,

180 2545 340 2578 »honores
367 2546 558 2579 hominum«.
589 2546 634 2577 Ut
659 2549 766 2577 autem
792 2547 907 2578 animal
933 2548 1126 2580 emaciatum
1153 2550 1246 2589 parvi
1271 2549 1474 2587 aestimatur,
1499 2547 1549 2578 sic
1563 2555 1690 2588 quoque
1705 2545 1804 2577 honor
1823 2544 1964 2577 auorum.
