2247 2865
953 87 1220 119 -374-

195 197 258 237 ipsi
285 195 384 226 maius
411 203 503 233 quam
531 190 615 232 quod
642 191 725 221 ferre
741 194 862 230 posset,
891 189 1069 228 impositum
1085 191 1187 228 esset,
1214 195 1252 215 se
1266 189 1450 216 consuetam
1463 184 1578 226 agendi
1595 184 1747 214 rationem
1761 184 1983 224 relinquisse.«

199 272 250 301 Ex
278 270 401 300 scholio
429 273 536 299 autem
563 267 799 306 cognoscimus,
825 264 855 293 in
882 272 966 292 voce
991 252 1045 303 ἰξῷ
1071 271 1185 291 nomen
1211 261 1332 291 suffixo
1359 258 1555 290 antecedens
1584 259 1738 288 omissum
1765 269 1853 299 esse,
1882 265 1916 290 ut
1934 248 1986 301 ,ἐς

199 336 243 364 sit
270 342 326 373 pro
353 329 494 378 &alm-<Sl
522 328 591 376 &Le
619 332 673 358 aut
699 327 773 357 huic
799 326 903 355 simile
930 323 1011 363 quid.

199 431 232 460 5.
262 430 356 459 Viros
379 438 435 466 eqo
457 428 592 456 tractavi
612 428 643 454 et
663 434 711 452 me
734 426 913 451 tractavere
935 424 966 450 et
987 421 1044 449 alii
1067 430 1173 450 eonem
1196 424 1307 449 contra
1330 431 1377 449 me
1398 422 1523 449 meur-vi
1544 423 1574 448 et
1595 421 1651 449 alii
1673 422 1754 449 recti
1773 424 1874 449 erant.

325 499 359 527 In
398 497 456 527 hoc
494 504 617 532 versu,
660 493 708 532 qui
750 492 779 521 in
820 490 978 521 Mersukii
1012 489 1121 519 codice
1154 499 1214 519 non
1257 490 1400 530 legitur,
1445 490 1674 528 experientiam
1720 499 1812 519 suam
1857 489 1990 519 laudans

203 560 287 598 dicit,
314 569 351 589 se
379 564 440 588 tam
470 558 581 587 bonam
612 565 702 595 quam
730 563 860 594 pravam
892 552 1048 583 hominum
1076 552 1190 592 agendi
1216 553 1367 582 rationem
1396 563 1476 593 erga
1502 563 1539 582 se
1568 559 1736 593 expertum
1766 564 1851 583 esse.
1881 555 1991 585 Voces

203 633 294 675 εγω
322 626 354 650 et
384 622 547 658 Q,
585 628 665 658 quae
693 617 818 657 proprie
857 616 1002 655 corporis
1030 618 1146 644 statum
1174 615 1365 656 designant,
1405 618 1435 645 iu
1474 616 1609 645 animum
1637 621 1668 646 et
1696 617 1811 657 agendi
1839 618 1993 647 rationem

203 683 377 714 translatae
404 687 489 712 sunt.

1005 759 1219 792 CXLHX.

205 831 346 866 uixit
368 828 605 864 Blosawir
626 828 673 862 h.
696 826 835 861 nimi
856 826 902 859 b.
927 824 1055 859 Iiais
1079 825 1124 858 1ο.
1147 825 1325 858 Sohah·
1348 825 1394 858 h.
1417 824 1701 860 Hodsaifah
1724 826 1771 860 1).
1793 827 1997 869 Djadsi-

205 886 276 929 (p.
296 885 417 928 211.)
864 880 980 913 lnnah
1004 879 1050 912 11.
1073 878 1352 912 Rewahah·

312 957 449 988 Carmen
477 960 632 994 tempore,
662 963 722 993 quo
750 952 808 982 sub
837 951 1066 990 Moahwijaho·
1083 955 1113 980 et
1141 950 1246 985 Iasido
1274 951 1462 980 Marwanus
1493 950 1521 980 b.
1552 951 1696 981 Alhacim
1726 952 1875 983 Medinae
1903 964 2000 993 prae-

209 1020 363 1050 fecturam
401 1018 550 1057 tenebat,
586 1015 795 1054 compositum
831 1018 883 1043 est
921 1013 1025 1043 conf.
1055 1014 1148 1042 llam.
1178 1022 1207 1051 p.
1236 1015 1273 1041 rii*
1302 1012 1319 1041 Ι.
1349 1013 1381 1042 7.
1410 1012 1480 1041 infr.
1538 1012 1775 1044 Grammaticus
1802 1016 2002 1047 Abu—l'Fath

210 1084 300 1123 dixit,
329 1092 442 1112 nomen
470 1080 628 1110 Mosawir
655 1079 833 1108 derivatum
861 1086 939 1106 esse
967 1086 986 1105 a
1013 1077 1112 1105 verbo
1132 1072 1218 1121 )3Lm
1245 1075 1443 1105 assilivit
1469 1080 1501 1105 et
1528 1076 1649 1115 origine
1677 1077 1877 1116 participium
1915 1088 1999 1108 esse.

209 1147 333 1176 Vocem
350 1143 423 1190 >lym
450 1145 553 1173 virum
581 1142 660 1171 alios
685 1141 889 1170 insultantem
909 1139 1080 1180 designare
1098 1144 1130 1168 et
1148 1139 1240 1168 huius
1261 1138 1502 1179 significationis
1535 1139 1715 1177 probandae
1744 1149 1841 1170 causa
1871 1151 2003 1172 versum

213 1219 231 1239 e
260 1209 337 1239 libro
365 1205 552 1237 Sibawaihii
579 1203 743 1234 adnotavit
771 1203 868 1232 hunc:
897 1205 1006 1240 (metr.
1027 1201 1170 1240 '1'hawi1)
1199 1201 1350 1231 Insilis
1379 1205 1527 1231 contra
1554 1201 1812 1232 insolentem
1840 1202 1886 1232 ad
1914 1203 2003 1243 glo..

213 1272 315 1301 riam
341 1275 380 1300 et
408 1268 710 1300 celsitudinem
738 1270 972 1305 etsponsor
993 1274 1100 1304 sum,
1129 1274 1235 1301 eum,
1262 1265 1295 1293 si
1315 1263 1475 1301 facias,
1503 1263 1715 1293 facturum
1737 1273 1846 1293 esse.
1877 1265 2005 1295 Nomen

214 1334 297 1365 Hind
325 1336 488 1364 inventum
516 1336 546 1362 et
573 1341 634 1360 non
662 1330 956 1359 translatumesse.
984 1327 1119 1357 Centum
1140 1327 1278 1357 camelos
1297 1329 1399 1362 50⁸5&
1419 1326 1583 1365 appellari.
1612 1325 1849 1356 Grammaticus
1865 1327 2006 1367 Sijadii)

216 1397 457 1438 cognominatus
486 1404 564 1424 vero
594 1394 683 1434 dixit7
715 1393 869 1422 ducentos
897 1394 967 1419 &si-3
995 1390 1158 1430 appellari.
1209 1390 1243 1418 In
1270 1398 1369 1419 versu
1396 1393 1516 1421 autem:
1545 1389 1654 1427 (metr.
1672 1389 1768 1418 Sarih
1788 1395 1842 1419 aut
1864 1389 2006 1430 Redjes)

217 1462 263 1491 Et
300 1464 401 1500 quot
435 1464 594 1498 terrae,
630 1466 799 1496 quarum
836 1454 934 1484 echo
970 1452 1074 1483 nind
1108 1446 1250 1481 vocat!
1287 1460 1383 1481 sonus
1419 1450 1631 1491 significatur.
1693 1450 1814 1480 Similis
1843 1452 1951 1481 modus
1978 1453 2007 1482 in

217 1532 316 1552 versu
336 1526 451 1561 poetae
468 1526 536 1550 est:
567 1520 673 1558 (metr.
690 1517 830 1557 Redjes)
859 1517 961 1546 Soni
985 1515 1112 1545 lactis
1138 1513 1593 1554 vocantHiscliamum7
1619 1522 1704 1543 eum
1736 1513 2005 1554 frangentes.

219 1585 338 1615 Similis
369 1594 493 1623 qnoque
522 1588 573 1612 est
600 1591 716 1611 versus
750 1587 865 1620 poetae
900 1579 1009 1609 Ali-aih
1049 1577 1279 1618 cognominati:
1332 1578 1440 1613 (metr.
1469 1575 1611 1615 Thau-il)
1653 1576 2008 1618 Quotiescunque

224 1647 319 1676 eius
346 1645 573 1684 (camelae)
602 1643 717 1672 labia
745 1641 876 1672 Schib
903 1645 1063 1670 vocant
1090 1640 1125 1668 in
1153 1638 1307 1668 duobus
1342 1637 1553 1667 lateribus
1584 1638 1796 1670 Ohnaisae
1832 1641 1870 1669 in
1907 1650 2011 1679 aqua

223 1708 388 1749 Mosnffi)
426 1712 465 1737 et
491 1707 622 1737 Bakil.
684 1706 803 1735 Similis
838 1714 964 1744 quoque
1001 1712 1120 1732 versus
1157 1702 1254 1733 alius:
1292 1703 1401 1738 (metr.
1431 1700 1557 1740 charis)
1595 1702 1769 1731 Interea
1811 1701 1898 1731 dum
1934 1712 2009 1732 nos

222 1771 327 1811 apud
364 1771 499 1800 locum
534 1767 692 1807 Faldj³)
730 1767 919 1797 camelos
957 1758 1128 1805 pastum¹
1155 1763 1363 1802 ducimus7
1406 1761 1538 1791 nubes
1578 1771 1683 1800 aqua
1720 1764 2011 1805 abundantes,

223 1844 367 1873 aquam
406 1833 681 1872 propinantes
720 1830 807 1859 Inih
845 1830 995 1859 dicunt.
1058 1829 1181 1857 Vocem
1218 1826 1306 1854 Inih
1344 1834 1457 1853 sonum
1495 1825 1661 1854 murmuris
1697 1826 1787 1855 nubis
1825 1827 2009 1867 significare

224 1896 420 1926 scholiastes
458 1895 544 1924 dixit.
598 1893 684 1922 Idem
713 1892 942 1932 grammaticus
971 1891 1061 1929 dixit,
1092 1887 1340 1926 Abu-Alilijjum
1372 1886 1432 1925 ipsi
1466 1896 1597 1915 versum
1634 1887 1788 1917 recitasse
1827 1898 1844 1918 a
1881 1894 2012 1927 pastore

229 1959 333 1987 ovium
361 1958 532 1997 prolatum:
563 1960 671 1994 (metr.
700 1955 840 1994 Redjes]
869 1955 1034 1984 Vocant
1060 1963 1117 1982 me
1143 1960 1248 1980 voce
1276 1950 1338 1978 Ma
1364 1948 1410 1978 ad
1439 1958 1576 1987 aquam
1605 1950 1766 1990 nigram
1793 1951 1812 1983 i,
1840 1961 1868 1980 e.
1901 1956 2014 1991 petunt

227 2030 246 2050 a
276 2029 323 2048 mc
351 2028 465 2057 aquam
494 2019 627 2058 nigram.
655 2017 731 2046 Vox
757 2017 821 2045 Ma
848 2025 948 2054 aquae
975 2024 1089 2044 nomen
1117 2019 1177 2043 est.
1208 2013 1410 2042 Scholiastes
1437 2022 1550 2042 vocem
1571 2010 1594 2039 la
1613 2022 1681 2042 eam
1701 2022 1776 2041 esse
1804 2013 1892 2052 dicit,
1921 2023 2013 2052 quam

227 2082 296 2111 ovis
324 2080 397 2109 edat
424 2085 456 2108 et
482 2079 615 2109 huiusce
643 2079 687 2108 rei
714 2078 894 2118 probandae
920 2087 1018 2107 causa
1045 2081 1161 2116 poetae
1179 2074 1447 2105 Dsu-l'Rommah
1470 2085 1598 2105 versum
1616 2075 1732 2105 adfert:
1764 2075 1869 2113 (metr.
1885 2075 2014 2114 Basith)

228 2144 377 2174 Visum
404 2151 480 2171 non
508 2142 643 2179 toltit,
672 2143 756 2171 nisi
783 2140 945 2180 quando
975 2148 1061 2168 eum
1092 2138 1265 2177 decepit
1292 2147 1475 2178 vocans,
1513 2138 1579 2177 qui
1619 2148 1704 2167 eum
1740 2137 1920 2167 advocat
1949 2146 2015 2166 no-

229 2209 335 2237 mine
363 2214 494 2244 aquae
522 2205 573 2241 (M
586 2204 621 2242 a)
649 2203 755 2233 haud
782 2203 990 2232 distincte
1018 2201 1207 2240 loquens.
1262 2200 1576 2239 Ebn-Alchajjatlius
1605 2201 1703 2239 [Erat
1731 2200 1838 2229 socius
1867 2198 2016 2228 'I‘sahlabi

230 2268 314 2298 conf.
345 2268 435 2297 Ham.
464 2276 492 2304 p.
522 2266 575 2304 ΙΨ)
603 2265 694 2305 dixit,
722 2275 758 2294 se
787 2275 843 2303 per
869 2264 1081 2304 quadraginta
1108 2273 1207 2293 annos
1236 2263 1475 2304 grammaticum
1504 2263 1533 2290 in
1560 2262 1611 2291 illo
1639 2271 1737 2291 versu
1765 2261 1884 2291 nonnisi
1904 2270 2016 2290 nomen

230 2339 360 2370 aquae
387 2329 606 2358 enunciantem
634 2327 809 2357 audivisse.
863 2327 947 2356 Idem
976 2326 1065 2364 dixit,
1094 2335 1150 2365 per
1177 2326 1286 2364 plures
1308 2334 1408 2354 annos
1430 2334 1467 2353 se
1485 2324 1611 2353 vixisse
1630 2324 1834 2364 nescientem,
1862 2332 2016 2361 quaenam

231 2392 321 2421 verbi
348 2391 446 2420 forma
475 2399 540 2419 vox
566 2390 665 2435 22⁵2)
694 2389 736 2419 sit
763 2389 858 2427 (con
870 2388 890 2418 f.
918 2389 1008 2418 Ham.
1036 2398 1066 2427 p,
1094 2389 1130 2417 5¹?-
1159 2388 1177 2416 l.
1210 2388 1293 2422 15.).

253 2475 281 2505 1)
301 2475 336 2498 De
356 2475 404 2497 hoc
423 2473 481 2496 viro
500 2474 603 2496 confer.
622 2472 737 2495 Meidan.
756 2472 786 2495 T.
807 2471 890 2501 111.p.
908 2470 972 2494 215.
1008 2469 1165 2499 Explicavit
1182 2469 1222 2492 hic
1242 2471 1322 2491 antea
1342 2467 1505 2490 nominatum
1525 2467 1680 2490 Sibnwailiii
1700 2467 1806 2490 librum.

251 2529 284 2560 2)
306 2530 365 2552 Vox
384 2527 462 2550 Schib
473 2534 556 2550 sonus
567 2530 616 2557 est,
627 2533 701 2556 quem
713 2526 803 2549 bibens
814 2525 931 2549 camelus
943 2523 1005 2547 edit.
1024 2524 1052 2546 In
1066 2524 1183 2546 Kamuw
1195 2523 1308 2552 legimus
1328 2523 1353 2545 M
1363 2529 1397 2545 os
1407 2529 1422 2545 n
1444 2528 1537 2545 nomen
1549 2528 1641 2552 aquae.
1664 2522 1699 2544 υε·
1714 2527 1779 2544 voce
1789 2512 1859 2553 dol..)
1870 2521 1905 2544 uil
1918 2521 2017 2544 inveni.

252 2579 285 2607 3)
305 2576 381 2608 Faldj
403 2583 498 2601 nomen
518 2577 571 2601 loci
590 2577 659 2601 inter
677 2578 789 2601 Bazram
809 2579 835 2600 et
855 2573 1001 2606 nnarijjam
1020 2582 1078 2599 esse
1098 2574 1124 2597 in
1145 2575 1254 2598 Kamusi
1273 2580 1356 2604 opere
1375 2574 1497 2604 legimus.
