2247 2865
969 103 1237 134 -428—

213 218 324 239 norum
351 212 456 238 ortum
485 210 556 236 erat
581 202 705 249 (conf.
728 204 826 235 Meid.
855 203 893 234 C.
922 204 980 245 ²1,
1009 204 1098 243 960.
1124 203 1246 234 Kaisus
1273 203 1302 233 b.
1330 202 1464 240 Sohair,
1491 201 1637 232 dominus
1665 201 1736 240 equi
1763 200 1890 238 Dahes,
1918 201 2007 241 prin—

214 281 293 311 ceps
323 271 432 312 gentis
461 269 550 300 Ahbs
578 272 664 307 erat,
692 277 827 308 quacum
855 268 886 296 in
913 266 975 296 isto
1002 266 1086 296 bello
1114 266 1298 297 consociata
1325 269 1394 295 erat
1420 274 1503 306 gens
1530 263 1741 295 Ahbd-Allah
1768 265 1798 294 b.
1830 263 2008 305 Ghathfan,

213 334 304 365 cuius
331 333 480 373 princeps
506 331 637 362 Alrabih
664 331 692 361 b.
720 330 820 369 Sijad.
871 328 938 359 Sed
965 338 1062 369 quum
1081 329 1203 359 Kaisus
1223 328 1346 358 nonnisi
1365 332 1436 368 post
1455 337 1567 367 pacem
1588 328 1670 357 inter
1688 331 1858 366 utramque
1876 330 2007 366 gentem

214 397 425 438 compositam
452 397 482 427 in
509 396 674 437 regionem
711 393 835 424 Ohman
870 391 1064 432 secesserit,
1103 390 1194 429 primi
1228 399 1347 419 versus
1385 389 1488 419 verba
1524 389 1616 419 istam
1654 399 1720 418 rem
1760 392 1910 427 spectare
1944 395 2007 416 non

213 470 326 501 posse,
352 459 510 489 nonnullis
538 458 680 487 fortasse
707 456 737 486 in
762 459 901 485 mentem
930 454 1053 491 veniet,
1080 456 1114 483 ut
1140 451 1283 482 Rabihus
1312 451 1341 480 b.
1370 451 1460 491 Sijad
1488 456 1607 481 metum
1635 449 1810 480 renovandi
1837 440 1909 479 belli
1936 452 2011 488 post

214 525 333 556 abitum
359 524 451 554 Kaisi
477 523 630 553 habuisse
656 518 816 560 putandus
843 519 896 548 sit.
948 518 992 548 At
1017 526 1097 547 vero
1127 525 1223 556 quum
1244 515 1364 544 Kaisus
1385 515 1414 544 b.
1431 514 1550 544 Sohair
1576 518 1648 544 ante
1675 513 1736 544 hoc
1763 518 1891 552 tempus
1921 515 2008 541 tanto

214 587 297 618 bello
334 588 435 625 impar
469 594 541 615 cum
574 588 673 625 geute
708 581 806 612 sedes
843 584 965 611 mutare
1004 584 1134 609 coactus
1174 582 1266 608 esset
1301 576 1426 615 (conf.
1457 576 1596 607 Meidan.
1623 577 1660 606 T.
1688 577 1726 606 Π.
1756 586 1785 616 p.
1813 575 1932 615 2800,
1967 575 2010 605 nil

214 650 333 686 obstat,
358 647 431 687 quin
458 647 489 677 in
514 647 573 677 has
600 655 653 676 res
682 654 798 675 versus
825 642 984 673 referendi
1003 641 1076 672 sint.
1105 641 1194 670 Bello
1217 644 1322 670 autem
1340 648 1439 678 saepe
1457 648 1528 669 cum
1556 639 1630 680 igne
1657 649 1793 670 accenso
1822 643 2008 679 comparato

214 708 336 754 (conf.
364 710 496 740 Hamas.
523 718 553 748 p.
585 706 619 738 lat
647 717 679 740 v.
712 707 743 737 1.
771 716 800 746 p.
828 706 864 735 l‘l‘l
891 715 924 736 v.
952 704 986 736 3.
1013 714 1044 744 p.
1071 705 1109 733 Μ
1137 713 1170 732 v.
1199 702 1231 732 2.
1260 701 1292 732 3.
1321 703 1401 741 etc.)
1430 706 1526 741 poeta
1553 701 1670 742 ignem,
1697 702 1749 741 qui
1775 701 1857 731 bello
1885 701 2010 731 adscri-

215 772 338 804 bendus
364 776 456 813 erat,
496 776 601 801 terrae
628 770 756 811 tribuit3
798 777 915 798 sensus
943 767 1024 797 enim
1052 771 1118 796 est:
1170 765 1286 796 Kaisus
1314 765 1431 795 bellum
1459 765 1488 793 iu
1516 763 1611 793 terris
1639 767 1747 794 contra
1773 774 1823 794 me
1851 762 2007 794 accendit.

216 835 317 866 Verbi
332 827 443 871 Λᾲῷῖ
467 831 589 877 (littera
615 833 685 863 Alif
709 831 945 863 homoioteleuti
971 839 1072 861 causa
1098 829 1206 864 addita
1233 827 1314 870 est),
1342 827 1427 869 quod
1454 827 1581 867 proprie
1610 827 1641 856 in
1668 826 1833 857 celeritate
1860 826 2009 856 incessus

216 896 394 935 adhibetur,
420 896 577 926 obiectum
605 896 757 926 omissum
785 897 845 925 est.

217 1008 250 1036 2.
272 1007 358 1037 Belli
378 1009 499 1036 crimen
520 1010 596 1042 erat,
620 1006 705 1045 quod
724 1006 875 1035 commisit
882 1014 893 1042 ,¹
914 1004 972 1033 sed
991 1013 1091 1042 neque
1113 1002 1244 1031 relictus
1267 1009 1368 1039 neque
1390 999 1534 1029 hostibus
1558 999 1694 1028 traditus
1718 1001 1775 1028 est.

317 1087 419 1118 Poeta
445 1087 599 1118 beneficia
624 1096 813 1117 enumerare
839 1086 966 1126 incipit,
1003 1095 1085 1125 quae
1112 1093 1193 1126 gens
1220 1093 1278 1114 sua
1306 1083 1335 1113 in
1364 1082 1496 1113 Kaisum
1523 1082 1703 1112 contulerit.
1756 1081 1895 1111 Primum
1925 1080 2010 1120 dicit,

218 1156 406 1187 quamquam
432 1148 553 1178 Kaisus
580 1153 645 1178 tam
674 1157 777 1188 grave
806 1147 921 1178 bellum
949 1149 1151 1189 conflaverit,
1179 1156 1249 1178 eum
1276 1151 1383 1177 tamen
1413 1145 1554 1176 relictum
1583 1155 1644 1174 non
1671 1154 1759 1175 esse.
1812 1145 2012 1176 Vocabulum

217 1213 304 1246 ἐμῷ
332 1220 373 1240 ex
399 1210 559 1240 adiectivo
586 1209 693 1240 addita
720 1210 827 1240 littera
853 1215 866 1238 3
893 1220 1007 1240 nomen
1036 1210 1157 1241 factum
1184 1214 1251 1249 est,
1290 1215 1325 1240 ut
1352 1209 1544 1251 significatio
1572 1208 1640 1239 eius
1668 1207 1796 1247 propria
1833 1217 1903 1238 res
1942 1207 2011 1237 de-

219 1277 367 1312 cerpta
392 1272 445 1303 sit.
497 1272 624 1313 Agendi
651 1273 729 1303 ratio
757 1282 827 1303 cum
855 1273 968 1303 arbore
996 1277 1180 1312 comparata
1206 1272 1355 1308 videtur,
1392 1276 1424 1302 ut
1450 1271 1586 1301 conditio
1613 1270 1686 1301 inde
1714 1275 1784 1300 orta
1807 1270 1930 1300 fructus
1957 1270 2011 1300 sit.

220 1335 340 1366 Bellum
367 1335 465 1376 igitur
492 1335 616 1365 fructus
644 1339 707 1372 est,
743 1345 834 1375 quem
859 1335 980 1365 Kaisus
1009 1335 1123 1365 arbore
1150 1334 1305 1364 factorum
1326 1344 1457 1364 suorum
1479 1333 1650 1373 decerpsit.
1679 1334 1770 1363 Hauc
1786 1333 1878 1362 vocis
1906 1334 2012 1373 signi-

221 1398 404 1429 ficationem
431 1398 620 1428 criminis
649 1397 874 1437 significationi
903 1397 1064 1436 praefero,
1093 1406 1156 1437 qua
1182 1396 1297 1426 bellum
1324 1406 1496 1426 accensum
1525 1396 1640 1425 crimen
1667 1400 1719 1424 est
1747 1399 1857 1425 contra
1883 1399 2013 1436 gentem

219 1473 313 1493 suam
333 1463 537 1492 commissum
557 1462 657 1500 (conf.
673 1463 766 1491 Ham.
785 1471 814 1501 p.
832 1461 915 1500 mv).
969 1459 1035 1490 Sed
1062 1469 1129 1489 vox
1154 1462 1240 1496 ’ἐμῷ
1270 1458 1442 1498 praedicati
1470 1458 1571 1487 locum
1594 1461 1691 1497 tenet,
1717 1457 1861 1487 subiecto
1881 1457 2012 1486 omisso.

221 1525 321 1556 Verbi
347 1528 427 1576 3553
453 1525 630 1555 subiectum
660 1524 813 1554 omissum
842 1527 900 1553 est.
954 1523 1030 1553 Vox
1056 1521 1136 1552 idem
1163 1521 1336 1562 significat,
1364 1520 1447 1560 quod
1475 1521 1605 1550 verbum
1634 1530 1717 1566 &35²³
1739 1525 1771 1549 et
1791 1517 1907 1552 Μ
1936 1520 2012 1559 (se-

221 1591 353 1627 paratus
380 1587 468 1626 fuit).
520 1588 600 1617 Mihi
619 1587 716 1628 igitur
735 1584 828 1627 &ml
849 1591 904 1617 aut
928 1585 1029 1616 simile
1056 1584 1128 1624 quid
1156 1584 1365 1624 supplendum
1394 1583 1534 1624 videtur,
1562 1588 1597 1613 ut
1623 1593 1741 1613 sensus
1769 1583 1827 1613 sit:
1855 1584 2012 1614 Homines

221 1651 261 1680 ab
288 1660 327 1680 eo
353 1650 493 1690 separati
520 1653 606 1690 sunt,
635 1653 668 1680 ut
694 1650 784 1679 solus
812 1653 982 1678 remaneat.
1041 1649 1075 1677 ln
1102 1647 1260 1678 Mersnkii
1294 1647 1403 1677 codice
1438 1647 1537 1686 prima
1574 1656 1665 1676 manu
1699 1643 1779 1676 Lau-5
1807 1643 1830 1673 la
1859 1646 2012 1685 scriptum

222 1713 303 1754 fuit,
331 1713 414 1753 quod
442 1713 586 1743 scribens
615 1709 695 1743 mm
721 1707 740 1739 ὅ
768 1711 893 1750 quidam
921 1711 1072 1751 correxit,
1101 1720 1140 1740 ea
1167 1719 1277 1749 causa,
1305 1714 1339 1739 ut
1367 1709 1513 1750 videtur,
1540 1708 1719 1747 adductuS,
1747 1707 1830 1747 quod
1857 1708 1886 1737 in
1914 1707 2012 1748 phra—

223 1775 313 1805 sibus
337 1775 543 1816 negantibuS,
571 1773 711 1804 secundo
739 1774 808 1803 loco
837 1777 910 1812 post
937 1781 1051 1801 vocem
1080 1769 1104 1800 la
1131 1782 1196 1802 vox
1222 1770 1245 1800 ὃ
1274 1771 1366 1811 sequi
1393 1772 1485 1802 solet.

223 1892 255 1921 3.
278 1892 438 1922 lisatutino
462 1895 607 1930 tempore,
636 1902 696 1931 quo
719 1893 762 1921 atl
779 1896 902 1929 qenlem
920 1890 1099 1921 Alrababae
1121 1891 1285 1923 transiisti,
1311 1890 1383 1918 dnm
1407 1889 1513 1918 hostes
1535 1888 1633 1917 celeri
1654 1897 1752 1917 cursu
1776 1891 2014 1928 appropinqua-

645 1947 728 1981 bant,
753 1949 788 1974 ul
808 1955 847 1973 ne
865 1946 980 1984 fraeno
1004 1945 1127 1983 quidem
1153 1953 1266 1981 equiem
1290 1945 1448 1971 instruere
1467 1952 1591 1979 posses.

323 2027 524 2058 Scholiastes
552 2026 637 2056 hunc
663 2035 794 2056 versum
821 2035 891 2055 curn
922 2025 983 2055 fine
1010 2024 1101 2065 primi
1128 2033 1248 2053 versus
1275 2023 1451 2053 cohaerere
1479 2021 1570 2062 dicit,
1600 2022 1644 2052 ita
1671 2026 1704 2052 ut
1731 2032 1797 2052 vox
1823 2022 1902 2053 iilo-i:
1929 2029 2015 2054 tem-

224 2091 293 2132 pori
319 2090 497 2120 definIendo
523 2091 633 2119 sensui
659 2089 749 2118 vocis
777 2081 877 2125 ῑαᾴῷῖ
906 2087 1072 2117 inserviat.
1100 2086 1241 2116 Sensum
1264 2095 1351 2125 esse,
1379 2095 1447 2115 eum
1469 2090 1614 2125 tempore
1638 2085 1698 2115 isto
1726 2086 1877 2116 matutino
1901 2086 2012 2128 fugam

225 2153 366 2193 cepisse.
415 2152 486 2182 Hoc
512 2151 647 2181 admisso
675 2155 771 2190 poeta
795 2160 814 2180 a
842 2150 988 2180 narrandi
1015 2148 1108 2179 modo
1136 2148 1174 2179 ad
1201 2148 1423 2179 allocutionem
1451 2149 1587 2178 transiit.
1620 2149 1696 2178 Vox
1714 2146 1801 2190 &⁴²³5ss
1820 2158 1890 2178 cum
1910 2149 2014 2179 vocali

225 2215 329 2246 Fatha
355 2223 469 2244 nomen
497 2213 645 2252 feminae,
676 2222 749 2242 cum
776 2212 881 2242 vocali
907 2212 1014 2242 Kesra
1042 2211 1279 2251 pronuncianda
1305 2221 1418 2241 nomen
1446 2212 1554 2252 gentis
1582 2215 1643 2240 est.
1681 2211 1772 2241 Voce
1797 2211 1885 2249 δέω
1916 2211 2016 2249 (quae

224 2277 256 2308 in
276 2276 432 2307 Mersukii
461 2274 571 2305 codice
599 2278 708 2304 contra
735 2279 872 2304 metrum
899 2274 993 2315 signo
1021 2274 1194 2304 Teschdidi
1221 2275 1372 2316 insignita
1399 2275 1494 2315 est),
1522 2278 1628 2304 status
1659 2274 1851 2313 pronominis
1875 2273 1905 2302 in
1931 2282 2014 2303 voce

225 2348 304 2385 ⁸⁵³²),ss
330 2338 527 2375 describitur,
554 2341 588 2366 ut
616 2336 656 2365 sit
684 2345 741 2374 pro
770 2332 932 2365 &summ
984 2336 1047 2366 Pro
1075 2344 1159 2365 voce
1185 2336 1284 2376 (χαῖῤ
1309 2336 1340 2365 in
1366 2335 1496 2365 scholiis
1524 2345 1593 2366 cum
1612 2335 1780 2365 Mersukio
1809 2332 1906 2382 σοίῆ
1926 2334 2012 2375 lego.

224 2403 301 2433 Vox
326 2396 439 2445 Qusjlb
466 2403 571 2430 autem
600 2403 649 2429 est
676 2408 733 2438 pro
760 2395 875 2427 :tcum
903 2396 1010 2442 02:553,
1039 2398 1124 2438 quod
1157 2398 1351 2428 scholiastes
1379 2397 1458 2429 dixit
1484 2403 1538 2429 aut
1565 2407 1621 2438 pro
1649 2396 1764 2427 slas&
1792 2398 1871 2435 04>
1896 2396 2012 2441 0²55?-

224 2463 336 2494 Verba
379 2459 483 2492 Lffskb‘
521 2460 559 2506 Οἳ
601 2464 676 2490 sunt
713 2468 770 2499 pro
813 2457 916 2489 &511³
952 2457 991 2504 Οἳ
1029 2471 1102 2505 0⁸>
1152 2459 1308 2498 siquidem
1344 2460 1542 2500 praepositio
1579 2471 1631 2505 σε
1664 2463 1739 2499 post
1775 2455 1849 2486 &225
1882 2459 2013 2498 saepius

226 2524 378 2554 omittitur
405 2522 528 2561 (conf,
557 2521 668 2552 Gram.
697 2521 753 2550 Ar.
781 2521 818 2550 Τ.
846 2521 884 2550 Π.
913 2530 942 2559 p.
971 2520 1054 2551 470.
1081 2526 1114 2551 et
1139 2531 1169 2560 p.
1198 2520 1268 2551 390
1296 2522 1392 2561 sqq).
1456 2522 1535 2552 Post
1562 2521 1696 2551 verbum
1725 2517 1828 2550 [ῥῶ
1855 2520 2012 2551 obiectum

224 2584 311 2633 eka-«55
339 2586 473 2625 (equum
500 2585 606 2623 tuum)
633 2588 684 2614 aut
709 2581 806 2621 &nx-,³¹0
833 2568 1023 2622 (iumentum
1050 2583 1159 2621 tuum)
1195 2584 1350 2612 omissum
1386 2587 1446 2613 est.
1507 2582 1649 2613 Verbum
1686 2586 1794 2612 autem
1830 2579 1905 2620 3-{5
1943 2591 2014 2613 cum
