2247 2865
1005 103 1276 134 -298—

250 202 386 249 schol.);
423 204 521 235 leonis
547 208 654 235 autem
682 213 794 234 nasum
825 203 962 233 omnium
989 203 1168 234 animalium
1194 204 1333 235 maxime
1359 204 1527 235 defensum
1555 209 1680 245 putent.
1732 204 1788 235 Sic
1816 205 1846 235 in
1872 206 2042 245 proverbio

250 268 361 299 dicunt
390 269 521 310 »Magis
549 267 703 298 defensus
729 276 823 306 quam
849 266 952 296 leonis
978 274 1102 295 nasus«
1138 264 1243 296 conf.
1270 267 1368 297 Meid.
1395 267 1434 299 C.
1463 267 1496 307 6,
1523 267 1607 298 213.
1669 267 1753 299 voci
1789 266 1876 313 [41:5-
1910 268 2044 300 vilitatis

249 331 516 372 significationem
552 330 748 361 tribuendam
787 332 886 369 puto,
925 328 956 358 in
986 327 1147 357 Mersukii
1182 328 1265 357 enim
1291 328 1512 358 commentario
1548 337 1618 358 cum
1658 327 1720 358 hac
1754 338 1836 359 voce
1870 339 1937 359 vox
1971 323 2046 358 “bexa-

251 394 420 424 coniuncta
446 398 496 424 est
522 385 610 433 323«,
630 389 714 436 Laese
736 391 804 436 pain-t
825 385 865 419 ὅ.
918 390 1062 421 Verbum
1089 391 1144 437 ff&
1171 398 1243 419 cum
1270 398 1349 419 naso
1376 399 1501 429 quoque
1530 390 1728 431 coniungunt
1753 391 1910 421 vilitatem
1938 391 2044 431 signi-

250 456 386 498 ficaturi,
415 462 447 486 et
474 456 580 485 dicunt
605 452 695 487 φῶς
713 454 779 501 rel)
803 452 920 484 »vilis«
943 457 976 482 et
992 449 1130 498 asi-ilpss)
1161 452 1213 482 »in
1243 456 1359 481 terram
1387 461 1499 482 nasum
1528 451 1599 482 eius
1629 453 1812 492 depressit«
1842 455 1864 484 i.
1893 463 1919 483 e.
1948 453 2044 483 vilem

250 527 322 547 eum
351 517 496 549 reddidit.
523 515 634 548 conf,
661 515 756 545 Harir
782 514 843 545 l”0·.
895 514 996 544 Poeta
1023 519 1130 544 autem
1158 514 1259 544 verbo
1294 515 1342 562 suia
1379 514 1533 545 olfecit
1568 524 1647 546 usus
1688 521 1759 557 est,
1797 515 1882 556 quod
1920 516 2043 545 leonem

250 574 421 623 describitff,
457 579 507 608 cui
543 576 739 617 percipiendi
777 585 896 606 sensus
934 575 1073 606 maxime
1111 575 1141 605 in
1180 584 1258 605 naso
1295 579 1347 604 est
1377 579 1408 605 et
1434 576 1565 606 verbum
1596 579 1675 622 Λὲ)
1703 586 1775 607 cum
1802 585 1880 608 naso
1907 576 2044 607 maxime

250 641 452 671 coniunctum
480 645 543 672 est.
596 638 837 670 Generositatis
863 647 991 678 quoque
1019 647 1094 668 esse
1130 637 1259 676 dicunt,
1297 637 1422 667 leonem
1455 646 1612 676 uunquam
1650 638 1824 677 praedam,
1862 639 1920 669 nisi
1949 647 2042 677 quam

249 706 320 742 ipse
347 702 481 742 ceperit,
507 711 634 732 vorare.
686 701 774 730 Loco
799 700 888 730 vocis
919 702 990 746 „³⁴³3
1016 700 1047 729 in
1074 700 1182 730 codice
1207 700 1368 730 Mersukii
1387 702 1458 745 ῥὶς
1485 700 1621 742 legitur,
1661 701 1712 731 cui
1751 702 1875 741 passivi
1912 701 2045 731 vocales

250 765 374 795 dandae
401 769 485 794 sunt.
539 764 615 793 Vox
643 761 699 795 ‚105
725 762 766 792 de
793 772 827 792 re
856 763 1031 802 praeterita
1058 761 1140 792 idem
1167 763 1350 803 significat,
1394 764 1478 803 quod
1518 762 1583 802 loql
1621 765 1651 794 in
1679 774 1712 795 re
1738 765 1855 795 futura.
1907 764 1950 795 Ut
1976 774 2043 794 vox

249 828 321 869 υ-Αἱ
350 827 580 858 indeclinabilis
608 825 770 856 definitum
795 830 922 864 tempus
947 824 1112 865 designat,
1146 826 1193 855 sic
1226 835 1349 866 quoque
1386 836 1452 856 vox
1478 824 1557 858 ,10:5.
1609 828 1703 858 Haec
1739 833 1846 858 autem
1886 828 2043 867 particula

247 891 306 921 vix
332 890 423 920 aliter
449 899 543 929 quam
569 889 600 918 in
626 898 660 918 re
687 888 862 928 praeterita
891 886 1031 918 adhibita
1058 887 1258 928 potissimum
1287 888 1317 917 in
1344 897 1445 918 causa
1472 893 1541 930 est,
1569 898 1624 918 cur
1653 890 1751 920 verba
1779 906 1853 927 stu
1871 885 1889 917 ὅ
1907 893 1940 920 et
1958 886 2004 924 §U
2022 887 2043 918 Ἃ

216 990 222 996 X
247 952 288 983 de
316 957 458 992 tempore
485 953 658 991 praeterito
685 949 892 991 intelligenda
919 958 1010 991 esse,
1051 950 1245 989 interpretes
1273 949 1409 980 dixerint
1437 951 1560 989 (conf.
1590 951 1702 982 Gram.
1726 952 1783 982 Ar.
1812 954 1849 982 T.
1873 953 1899 993 Ι,
1933 952 2043 992 167.),

247 1015 363 1055 quippe
389 1015 421 1045 in
448 1014 518 1044 aliis
545 1013 625 1044 locis
652 1012 811 1052 particula
836 1008 855 1041 ‘A
883 1012 1024 1052 efficiat,
1057 1017 1091 1043 ut
1118 1013 1325 1052 praeteritum
1354 1013 1452 1043 futuri
1479 1013 1748 1055 significationem
1776 1014 1923 1055 accipiat.
1976 1014 2043 1044 Sed

244 1073 278 1109 in
306 1077 424 1108 Corani
449 1086 575 1117 quoque
601 1076 670 1106 loco
696 1072 787 1120 (Sur.
817 1077 876 1116 75,
904 1072 978 1120 31.)
1006 1075 1114 1106 verbis
1140 1073 1220 1122 &Lo
1244 1071 1281 1116 ὅ,
1308 1081 1406 1127 ΟΜ
1434 1072 1475 1104 Σὲ
1502 1077 1666 1116 praeteriti
1692 1077 1956 1118 significationem
1985 1077 2044 1106 tri-

247 1152 402 1183 buendam
429 1156 552 1191 putant.
604 1152 693 1181 Loco
723 1151 814 1181 vocis
850 1150 909 1183 ,ῌὲ
944 1156 1039 1190 sunt,
1073 1151 1125 1190 qui
1157 1149 1261 1188 ῴμεύϊ
1287 1134 1339 1181 ‚535
1369 1151 1560 1182 »ventriculi
1589 1161 1702 1191 aquam
1729 1152 1891 1192 praedae«
1921 1153 2042 1193 legant.

247 1216 316 1246 Leo
345 1220 451 1244 autem
479 1214 628 1252 interiora
656 1212 779 1243 ventris
806 1213 901 1243 occisi
927 1212 1072 1242 animalis
1099 1222 1194 1252 quum
1221 1213 1353 1252 primum
1381 1219 1495 1255 voret,
1532 1219 1659 1254 poetam
1687 1215 1775 1246 hisce
1807 1215 1917 1245 verbis
1953 1223 2042 1246 usum

247 1288 323 1309 esse
338 1278 446 1308 dicunt
459 1288 466 1317 3
484 1277 557 1307 mihi
572 1286 651 1306 vero
665 1276 757 1307 vocis
771 1273 822 1307 ,[’.ιό
836 1275 1031 1317 significatio
1047 1275 1158 1305 sensui
1172 1276 1273 1305 minus
1293 1284 1473 1316 congruere
1486 1276 1624 1307 videtur.
1677 1277 1896 1308 Reiiciendum
1918 1286 2044 1317 quoque

247 1357 321 1393 puto
349 1353 476 1395 legendi
505 1352 629 1382 modum
656 1347 757 1388 &ga-235
784 1331 847 1390 υἷϊ-’ἑ
877 1355 1015 1390 »pectus
1034 1350 1207 1390 praedae,«
1237 1359 1331 1389 quem
1349 1350 1654 1382 Ahhd-Alsalamus
1672 1352 1847 1382 Bazrensis
1868 1350 2042 1383 adnotavit.

1076 1457 1217 1490 CXV.

485 1527 707 1560 Eandem
731 1533 835 1559 rem
860 1522 1141 1558 describens
1165 1524 1376 1558 Heluius
1400 1524 1446 1557 b.
1473 1524 1631 1558 Rasin
1655 1523 1793 1559 dixit.

347 1599 397 1630 Ad
425 1604 554 1640 gentem
583 1598 801 1628 Banu-Tsaur
828 1597 858 1627 b.
875 1595 1105 1626 Ahbd-Manat
1122 1596 1152 1625 b.
1172 1595 1242 1626 Odd
1264 1596 1444 1635 pertinebat
1469 1597 1593 1636 (conf.
1613 1597 1814 1627 Schultensii
1837 1597 2041 1627 Monumenta

247 1663 429 1694 vetustiora
458 1662 598 1692 Arabiae
626 1671 655 1700 p.
685 1661 772 1700 26.)

246 1776 274 1804 1.
299 1773 345 1803 Et
366 1775 398 1802 in
420 1773 488 1802 loco
511 1771 659 1806 Albaida,
684 1779 780 1809 quum
802 1770 845 1798 ibi
863 1777 944 1806 qens
967 1768 1044 1799 Call>
1069 1769 1212 1798 hostibus
1234 1771 1426 1798 occurrisset
1445 1771 1477 1797 et
1497 1771 1567 1796 vota
1591 1768 1633 1796 ibi
1652 1766 1757 1796 solata
1779 1770 1896 1807 essent,

344 1842 405 1872 Hic
431 1849 547 1871 versus
573 1849 711 1880 pugnam
738 1839 820 1869 inter
848 1844 978 1880 gentem
1007 1838 1086 1868 Calb
1115 1843 1147 1868 et
1173 1838 1360 1877 Himjaritas
1388 1838 1570 1868 describens
1599 1847 1669 1867 cum
1696 1836 1907 1877 sequentibus
1933 1836 2041 1866 intime

247 1907 409 1937 cohaeret.
462 1905 538 1935 Vox
563 1898 680 1939 εἷιλρῥὶ
708 1902 872 1932 desertum
900 1900 1087 1942 significans
1114 1901 1174 1930 hoc
1200 1902 1228 1930 in
1258 1910 1355 1931 versu
1385 1901 1444 1930 loci
1479 1909 1593 1929 nomen
1633 1909 1709 1929 esse
1747 1899 1877 1940 dicunt,
1915 1898 1944 1928 in
1978 1908 2039 1939 quo

247 1978 329 2009 gens
356 1967 433 1998 Calb
462 1976 533 1997 cum
558 1964 735 2004 Himjaritis
762 1964 991 1994 concurrisset.
1054 1963 1198 1994 Verbum
1226 1960 1299 2001 33&
1326 1973 1422 2003 quum
1459 1963 1498 1993 de
1533 1963 1668 2002 plurium
1703 1971 1863 1993 concursu
1891 1962 1972 1991 inter
2001 1971 2039 1992 se

805 2038 845 2055 υ
872 2026 992 2055 omissa
1027 2035 1102 2056 esse
1136 2031 1189 2057 aut
1223 2035 1336 2056 vocem
1363 2023 1440 2056 h»15
1466 2026 1653 2066 Himjaritas
1683 2025 1851 2064 complecti
1879 2029 2040 2064 putamus.

802 2052 833 2076 ζ..

246 2092 372 2123 Arabes
400 2095 517 2131 autern.
545 2090 657 2130 quibus
685 2098 767 2119 mors
795 2093 1004 2128 cognatorum
1033 2092 1087 2117 aut
1114 2087 1290 2118 vicinorum
1328 2087 1510 2118 ulciscenda
1548 2091 1637 2127 erat,
1669 2092 1747 2118 vota
1784 2092 1839 2117 aut
1877 2087 1942 2117 vini
1978 2097 2039 2117 non

246 2029 455 2071 adhibeatur,
491 2033 545 2058 aut
570 2028 671 2057 verba
688 2037 780 2072 λῳ

246 2154 372 2185 bibendi
398 2157 454 2183 aut
481 2152 560 2182 alius
596 2152 641 2182 rei
667 2150 861 2182 omittendae
888 2150 996 2180 facere
1024 2149 1172 2180 solebant
1199 2148 1322 2188 (conf.
1351 2151 1459 2182 llam.
1487 2161 1518 2190 p.
1533 2152 1590 2180 mo
1604 2161 1635 2180 ν.
1654 2151 1716 2190 5.).
1744 2150 1893 2181 Vindicta
1909 2155 2038 2190 peracta

246 2217 333 2247 votis
360 2215 564 2246 satisfactum
591 2218 670 2245 erat.
720 2213 824 2243 Simul
851 2212 979 2243 verbis:
1016 2213 1125 2242 «Vota
1163 2211 1204 2241 ibi
1240 2213 1346 2242 soluta
1382 2216 1505 2254 eranty«
1539 2215 1626 2252 ipsos
1663 2213 1827 2244 victoriam
1854 2217 2040 2252 reportasse

246 2285 343 2321 poeta
374 2279 502 2310 indicat.
567 2277 709 2323 Similem
741 2276 890 2317 loquendi
925 2276 1051 2306 modum
1086 2286 1116 2316 p.
1146 2276 1216 2306 716
1242 2287 1274 2306 v.
1302 2277 1335 2307 4.
1362 2275 1549 2306 invenimus.
1602 2276 1796 2306 Particulam
1829 2271 1868 2320 Oi
1894 2279 1964 2314 post
1995 2272 2036 2304 [Δ

245 2342 444 2384 pleonastice
471 2341 607 2381 positam
634 2339 783 2369 videmus
812 2338 937 2376 (conf.
967 2348 996 2378 p.
1025 2339 1066 2369 ΡΗ
1092 2348 1124 2368 v.
1154 2338 1218 2377 4.).
1270 2338 1415 2377 phrasis,
1452 2346 1534 2377 quae
1561 2338 1749 2376 particulam
1778 2333 1821 2367 w
1853 2336 2039 2366 necessario

245 2403 337 2442 sequi
362 2402 480 2443 debet,
516 2405 569 2431 aut
596 2401 625 2430 in
649 2399 758 2429 verbis
785 2398 896 2430 vd&
926 2403 987 2428 etc.
1018 2404 1071 2429 aut
1096 2399 1126 2429 in
1153 2400 1262 2429 verbis
1290 2395 1404 2435 00L>i
1431 2403 1493 2429 etc.
1531 2399 1703 2429 inveniunt.
1759 2397 1820 2436 Qui
1848 2402 1955 2429 autem
1984 2397 2039 2427 tali

246 2464 276 2494 in
312 2465 382 2494 loco
418 2463 659 2494 coniunctiones
683 2479 701 2501 >
730 2465 762 2491 et
788 2461 827 2492 Q
854 2460 1039 2499 superfluas
1072 2471 1150 2492 esse
1180 2460 1375 2499 concedunt,
1412 2461 1432 2490 ii
1469 2460 1598 2500 phrasin
1636 2463 1886 2499 consequentem
1919 2464 1974 2489 aut
2008 2459 2037 2488 in

245 2526 355 2556 verbis
381 2526 458 2564 μ,
487 2530 549 2556 etc.
578 2529 632 2555 aut
658 2524 688 2554 in
712 2523 823 2554 verbis
850 2515 960 2555 φιλ-ἐ
987 2527 1051 2553 etc.
1076 2522 1197 2552 vident.
1258 2521 1332 2551 Hoc
1358 2521 1500 2550 admisso
1529 2525 1584 2551 aut
1611 2521 1719 2551 littera
1739 2536 1759 2559 >
1787 2522 1841 2549 aut
1867 2519 1973 2549 littera
1999 2522 2038 2552 Q

244 2587 314 2617 sine
340 2588 534 2618 necessitate
562 2587 681 2618 inserta
707 2590 769 2616 est.
821 2585 924 2616 Simili
951 2584 1044 2615 modo
1062 2584 1261 2624 superfluam
1280 2582 1417 2612 litteram
1429 2600 1446 2622 2
1463 2583 1493 2613 in
1512 2582 1619 2612 verbis
1634 2580 1753 2612 Corani
1769 2581 1863 2620 (Sur.
1880 2579 1939 2619 39,
1957 2582 2035 2622 71.)
