<?xml version="1.0" encoding="UTF-8"?>
<!DOCTYPE html PUBLIC "-//W3C//DTD XHTML 1.0 Transitional//EN"
    "http://www.w3.org/TR/xhtml1/DTD/xhtml1-transitional.dtd">
<html xmlns="http://www.w3.org/1999/xhtml" xml:lang="en" lang="en">
 <head>
  <title>
</title>
<meta http-equiv="Content-Type" content="text/html;charset=utf-8" />
  <meta name='ocr-system' content='tesseract 3.04.00' />
  <meta name='ocr-capabilities' content='ocr_page ocr_carea ocr_par ocr_line ocrx_word'/>
</head>
<body>
  <div class='ocr_page' id='page_1' title='image "./p1hamassaecarmin02abbiuoft_0034.png"; bbox 0 0 2247 2865; ppageno 0'>
   <div class='ocr_carea' id='block_1_1' title="bbox 1066 119 1176 142">
    <p class='ocr_par' dir='ltr' id='par_1_1' title="bbox 1066 119 1176 142">
     <span class='ocr_line' id='line_1_1' title="bbox 1066 119 1176 142; baseline 0 0"><span class='ocrx_word' id='word_1_1' title='bbox 1066 119 1135 142; x_wconf 52' lang='grc' dir='ltr'>ΧΧἚν</span> <span class='ocrx_word' id='word_1_2' title='bbox 1139 119 1176 142; x_wconf 82' lang='lat' dir='ltr'>1ss</span> 
     </span>
    </p>
   </div>
   <div class='ocr_carea' id='block_1_2' title="bbox 219 202 2018 731">
    <p class='ocr_par' dir='ltr' id='par_1_2' title="bbox 219 202 2018 731">
     <span class='ocr_line' id='line_1_2' title="bbox 223 202 2015 244; baseline 0.001 -10"><span class='ocrx_word' id='word_1_3' title='bbox 223 208 337 244; x_wconf 87' lang='lat' dir='ltr'>poetae</span> <span class='ocrx_word' id='word_1_4' title='bbox 359 202 487 233; x_wconf 85' lang='lat' dir='ltr'><strong>Arabici</strong></span> <span class='ocrx_word' id='word_1_5' title='bbox 509 206 682 232; x_wconf 79' lang='lat' dir='ltr'><strong>tractarent</strong></span> <span class='ocrx_word' id='word_1_6' title='bbox 704 211 861 242; x_wconf 85' lang='lat' dir='ltr'>quamque</span> <span class='ocrx_word' id='word_1_7' title='bbox 885 203 913 232; x_wconf 93' lang='lat' dir='ltr'>in</span> <span class='ocrx_word' id='word_1_8' title='bbox 935 202 1102 232; x_wconf 83' lang='lat' dir='ltr'>tractando</span> <span class='ocrx_word' id='word_1_9' title='bbox 1123 203 1276 233; x_wconf 87' lang='lat' dir='ltr'>rationem</span> <span class='ocrx_word' id='word_1_10' title='bbox 1297 207 1518 242; x_wconf 79' lang='lat' dir='ltr'>sequerentur,</span> <span class='ocrx_word' id='word_1_11' title='bbox 1541 206 1614 231; x_wconf 87' lang='lat' dir='ltr'>ante</span> <span class='ocrx_word' id='word_1_12' title='bbox 1637 203 1745 232; x_wconf 84' lang='lat' dir='ltr'>oculos</span> <span class='ocrx_word' id='word_1_13' title='bbox 1767 213 1925 242; x_wconf 87' lang='lat' dir='ltr'>ponerem.</span> <span class='ocrx_word' id='word_1_14' title='bbox 1970 205 2015 235; x_wconf 84' lang='lat' dir='ltr'>n-</span> 
     </span>
     <span class='ocr_line' id='line_1_3' title="bbox 220 256 2016 297; baseline 0.001 -8"><span class='ocrx_word' id='word_1_15' title='bbox 220 259 273 290; x_wconf 93' lang='lat' dir='ltr'>lud</span> <span class='ocrx_word' id='word_1_16' title='bbox 294 263 328 289; x_wconf 89' lang='lat' dir='ltr'>ut</span> <span class='ocrx_word' id='word_1_17' title='bbox 349 267 553 297; x_wconf 80' lang='lat' dir='ltr'>assequerer,</span> <span class='ocrx_word' id='word_1_18' title='bbox 579 266 685 296; x_wconf 87' lang='lat' dir='ltr'>neque</span> <span class='ocrx_word' id='word_1_19' title='bbox 708 257 747 286; x_wconf 91' lang='lat' dir='ltr'>ab</span> <span class='ocrx_word' id='word_1_20' title='bbox 771 257 880 287; x_wconf 82' lang='lat' dir='ltr'>ordine</span> <span class='ocrx_word' id='word_1_21' title='bbox 910 256 1080 286; x_wconf 83' lang='lat' dir='ltr'>verborum</span> <span class='ocrx_word' id='word_1_22' title='bbox 1105 266 1210 296; x_wconf 87' lang='lat' dir='ltr'>neque</span> <span class='ocrx_word' id='word_1_23' title='bbox 1232 266 1251 286; x_wconf 89' lang='lat' dir='ltr'>a</span> <span class='ocrx_word' id='word_1_24' title='bbox 1273 257 1421 296; x_wconf 87' lang='lat' dir='ltr'>loquendi</span> <span class='ocrx_word' id='word_1_25' title='bbox 1454 256 1548 287; x_wconf 90' lang='lat' dir='ltr'>modo</span> <span class='ocrx_word' id='word_1_26' title='bbox 1572 256 1731 286; x_wconf 85' lang='lat' dir='ltr'>Arabibus</span> <span class='ocrx_word' id='word_1_27' title='bbox 1764 261 1889 296; x_wconf 89' lang='lat' dir='ltr'>proprio</span> <span class='ocrx_word' id='word_1_28' title='bbox 1923 259 2016 290; x_wconf 88' lang='lat' dir='ltr'>nimis</span> 
     </span>
     <span class='ocr_line' id='line_1_4' title="bbox 220 309 2015 350; baseline -0.002 -4"><span class='ocrx_word' id='word_1_29' title='bbox 220 314 433 346; x_wconf 86' lang='lat' dir='ltr'>recedendum</span> <span class='ocrx_word' id='word_1_30' title='bbox 457 318 542 350; x_wconf 88' lang='lat' dir='ltr'>erat,</span> <span class='ocrx_word' id='word_1_31' title='bbox 571 317 607 343; x_wconf 90' lang='lat' dir='ltr'>ut</span> <span class='ocrx_word' id='word_1_32' title='bbox 633 311 694 340; x_wconf 90' lang='lat' dir='ltr'>hoc</span> <span class='ocrx_word' id='word_1_33' title='bbox 719 310 853 350; x_wconf 86' lang='lat' dir='ltr'>potirer,</span> <span class='ocrx_word' id='word_1_34' title='bbox 886 319 925 338; x_wconf 90' lang='lat' dir='ltr'>ne</span> <span class='ocrx_word' id='word_1_35' title='bbox 948 309 1054 338; x_wconf 85' lang='lat' dir='ltr'>verbis</span> <span class='ocrx_word' id='word_1_36' title='bbox 1077 309 1227 342; x_wconf 76' lang='lat' dir='ltr'>Arabicis</span> <span class='ocrx_word' id='word_1_37' title='bbox 1250 310 1341 339; x_wconf 89' lang='lat' dir='ltr'>nimis</span> <span class='ocrx_word' id='word_1_38' title='bbox 1364 309 1591 349; x_wconf 84' lang='lat' dir='ltr'>adhaererem,</span> <span class='ocrx_word' id='word_1_39' title='bbox 1621 319 1681 349; x_wconf 91' lang='lat' dir='ltr'>quo</span> <span class='ocrx_word' id='word_1_40' title='bbox 1711 318 1827 339; x_wconf 88' lang='lat' dir='ltr'>sensus</span> <span class='ocrx_word' id='word_1_41' title='bbox 1859 311 2015 342; x_wconf 83' lang='lat' dir='ltr'>obscurus</span> 
     </span>
     <span class='ocr_line' id='line_1_5' title="bbox 219 361 2015 407; baseline -0.002 -7"><span class='ocrx_word' id='word_1_42' title='bbox 219 369 344 400; x_wconf 88' lang='lat' dir='ltr'>omnino</span> <span class='ocrx_word' id='word_1_43' title='bbox 371 368 481 407; x_wconf 82' lang='lat' dir='ltr'>fieret,</span> <span class='ocrx_word' id='word_1_44' title='bbox 510 365 695 398; x_wconf 88' lang='lat' dir='ltr'>cavendum.</span> <span class='ocrx_word' id='word_1_45' title='bbox 738 364 781 393; x_wconf 74' lang='lat' dir='ltr'>Ut</span> <span class='ocrx_word' id='word_1_46' title='bbox 807 363 902 402; x_wconf 84' lang='lat' dir='ltr'>igitur</span> <span class='ocrx_word' id='word_1_47' title='bbox 932 363 961 391; x_wconf 91' lang='lat' dir='ltr'>in</span> <span class='ocrx_word' id='word_1_48' title='bbox 985 361 1045 393; x_wconf 90' lang='lat' dir='ltr'>hoc</span> <span class='ocrx_word' id='word_1_49' title='bbox 1067 364 1197 393; x_wconf 87' lang='lat' dir='ltr'>strictus</span> <span class='ocrx_word' id='word_1_50' title='bbox 1225 364 1393 394; x_wconf 82' lang='lat' dir='ltr'>verborum</span> <span class='ocrx_word' id='word_1_51' title='bbox 1426 373 1543 394; x_wconf 88' lang='lat' dir='ltr'>sensus</span> <span class='ocrx_word' id='word_1_52' title='bbox 1575 364 1714 404; x_wconf 89' lang='lat' dir='ltr'>ordoque</span> <span class='ocrx_word' id='word_1_53' title='bbox 1743 365 1884 405; x_wconf 83' lang='lat' dir='ltr'>fugiendi</span> <span class='ocrx_word' id='word_1_54' title='bbox 1912 372 2015 403; x_wconf 83' lang='lat' dir='ltr'>erant,</span> 
     </span>
     <span class='ocr_line' id='line_1_6' title="bbox 220 407 2013 462; baseline -0.001 -10"><span class='ocrx_word' id='word_1_55' title='bbox 220 423 321 454; x_wconf 82' lang='lat' dir='ltr'>sicin</span> <span class='ocrx_word' id='word_1_56' title='bbox 344 423 396 452; x_wconf 92' lang='lat' dir='ltr'>illo</span> <span class='ocrx_word' id='word_1_57' title='bbox 419 421 594 462; x_wconf 75' lang='lat' dir='ltr'>elegantia,</span> <span class='ocrx_word' id='word_1_58' title='bbox 625 407 715 459; x_wconf 79' lang='lat' dir='ltr'>quam</span> <span class='ocrx_word' id='word_1_59' title='bbox 747 417 885 446; x_wconf 84' lang='lat' dir='ltr'>nonnulli</span> <span class='ocrx_word' id='word_1_60' title='bbox 915 417 944 446; x_wconf 91' lang='lat' dir='ltr'>in</span> <span class='ocrx_word' id='word_1_61' title='bbox 975 417 1130 447; x_wconf 92' lang='lat' dir='ltr'>vertendo</span> <span class='ocrx_word' id='word_1_62' title='bbox 1158 417 1337 456; x_wconf 82' lang='lat' dir='ltr'>adfectant,</span> <span class='ocrx_word' id='word_1_63' title='bbox 1368 418 1526 448; x_wconf 78' lang='lat' dir='ltr'>evitanda.</span> <span class='ocrx_word' id='word_1_64' title='bbox 1570 419 1728 448; x_wconf 76' lang='lat' dir='ltr'>Versuum</span> <span class='ocrx_word' id='word_1_65' title='bbox 1761 429 1876 449; x_wconf 88' lang='lat' dir='ltr'>sensus</span> <span class='ocrx_word' id='word_1_66' title='bbox 1905 424 2013 450; x_wconf 83' lang='lat' dir='ltr'>autem</span> 
     </span>
     <span class='ocr_line' id='line_1_7' title="bbox 222 469 2018 517; baseline -0.002 -10"><span class='ocrx_word' id='word_1_67' title='bbox 222 486 317 517; x_wconf 91' lang='lat' dir='ltr'>quum</span> <span class='ocrx_word' id='word_1_68' title='bbox 328 486 390 506; x_wconf 93' lang='lat' dir='ltr'>non</span> <span class='ocrx_word' id='word_1_69' title='bbox 412 476 513 505; x_wconf 91' lang='lat' dir='ltr'>solum</span> <span class='ocrx_word' id='word_1_70' title='bbox 536 473 652 512; x_wconf 83' lang='lat' dir='ltr'>verbis,</span> <span class='ocrx_word' id='word_1_71' title='bbox 676 480 786 501; x_wconf 86' lang='lat' dir='ltr'>verum</span> <span class='ocrx_word' id='word_1_72' title='bbox 811 470 905 499; x_wconf 88' lang='lat' dir='ltr'>etiam</span> <span class='ocrx_word' id='word_1_73' title='bbox 928 469 1035 507; x_wconf 79' lang='lat' dir='ltr'>modo,</span> <span class='ocrx_word' id='word_1_74' title='bbox 1060 479 1121 509; x_wconf 90' lang='lat' dir='ltr'>quo</span> <span class='ocrx_word' id='word_1_75' title='bbox 1144 479 1214 499; x_wconf 88' lang='lat' dir='ltr'>cum</span> <span class='ocrx_word' id='word_1_76' title='bbox 1227 471 1296 501; x_wconf 90' lang='lat' dir='ltr'>aliis</span> <span class='ocrx_word' id='word_1_77' title='bbox 1312 472 1459 502; x_wconf 87' lang='lat' dir='ltr'>versibus</span> <span class='ocrx_word' id='word_1_78' title='bbox 1471 481 1568 502; x_wconf 55' lang='lat' dir='ltr'>sensu</span> <span class='ocrx_word' id='word_1_79' title='bbox 1584 473 1804 513; x_wconf 81' lang='lat' dir='ltr'>cohaererent,</span> <span class='ocrx_word' id='word_1_80' title='bbox 1828 473 1934 503; x_wconf 84' lang='lat' dir='ltr'>clarus</span> <span class='ocrx_word' id='word_1_81' title='bbox 1956 473 2018 503; x_wconf 80' lang='lat' dir='ltr'>fie-</span> 
     </span>
     <span class='ocr_line' id='line_1_8' title="bbox 223 524 2015 569; baseline -0.002 -8"><span class='ocrx_word' id='word_1_82' title='bbox 223 535 280 568; x_wconf 71' lang='lat' dir='ltr'>ret,</span> <span class='ocrx_word' id='word_1_83' title='bbox 297 530 437 569; x_wconf 90' lang='lat' dir='ltr'>modum,</span> <span class='ocrx_word' id='word_1_84' title='bbox 461 537 522 568; x_wconf 91' lang='lat' dir='ltr'>quo</span> <span class='ocrx_word' id='word_1_85' title='bbox 545 537 611 556; x_wconf 82' lang='lat' dir='ltr'>cum</span> <span class='ocrx_word' id='word_1_86' title='bbox 631 525 700 555; x_wconf 91' lang='lat' dir='ltr'>aliis</span> <span class='ocrx_word' id='word_1_87' title='bbox 723 533 839 554; x_wconf 86' lang='lat' dir='ltr'>versus</span> <span class='ocrx_word' id='word_1_88' title='bbox 862 524 997 552; x_wconf 83' lang='lat' dir='ltr'>connexi</span> <span class='ocrx_word' id='word_1_89' title='bbox 1021 528 1150 564; x_wconf 83' lang='lat' dir='ltr'>essent,</span> <span class='ocrx_word' id='word_1_90' title='bbox 1173 524 1201 553; x_wconf 91' lang='lat' dir='ltr'>si</span> <span class='ocrx_word' id='word_1_91' title='bbox 1223 524 1262 554; x_wconf 89' lang='lat' dir='ltr'>ab</span> <span class='ocrx_word' id='word_1_92' title='bbox 1281 525 1502 564; x_wconf 80' lang='lat' dir='ltr'>interpretibus</span> <span class='ocrx_word' id='word_1_93' title='bbox 1519 527 1662 557; x_wconf 84' lang='lat' dir='ltr'>Arabicis</span> <span class='ocrx_word' id='word_1_94' title='bbox 1684 536 1737 556; x_wconf 88' lang='lat' dir='ltr'>res</span> <span class='ocrx_word' id='word_1_95' title='bbox 1751 529 1899 568; x_wconf 85' lang='lat' dir='ltr'>neglecta</span> <span class='ocrx_word' id='word_1_96' title='bbox 1916 533 2015 568; x_wconf 85' lang='lat' dir='ltr'>esset,</span> 
     </span>
     <span class='ocr_line' id='line_1_9' title="bbox 230 580 2014 625; baseline -0.002 -10"><span class='ocrx_word' id='word_1_97' title='bbox 230 584 399 625; x_wconf 83' lang='lat' dir='ltr'>explicavi.</span> <span class='ocrx_word' id='word_1_98' title='bbox 424 582 540 613; x_wconf 86' lang='lat' dir='ltr'>Poesis</span> <span class='ocrx_word' id='word_1_99' title='bbox 551 580 687 620; x_wconf 83' lang='lat' dir='ltr'>denique</span> <span class='ocrx_word' id='word_1_100' title='bbox 708 588 803 619; x_wconf 91' lang='lat' dir='ltr'>quum</span> <span class='ocrx_word' id='word_1_101' title='bbox 826 583 979 617; x_wconf 87' lang='lat' dir='ltr'>tempore,</span> <span class='ocrx_word' id='word_1_102' title='bbox 1002 586 1063 616; x_wconf 91' lang='lat' dir='ltr'>quo</span> <span class='ocrx_word' id='word_1_103' title='bbox 1087 587 1214 607; x_wconf 83' lang='lat' dir='ltr'>carmen</span> <span class='ocrx_word' id='word_1_104' title='bbox 1237 580 1445 619; x_wconf 89' lang='lat' dir='ltr'>compositum</span> <span class='ocrx_word' id='word_1_105' title='bbox 1469 581 1522 617; x_wconf 87' lang='lat' dir='ltr'>sit,</span> <span class='ocrx_word' id='word_1_106' title='bbox 1542 586 1686 621; x_wconf 84' lang='lat' dir='ltr'>auctore,</span> <span class='ocrx_word' id='word_1_107' title='bbox 1710 592 1729 612; x_wconf 92' lang='lat' dir='ltr'>a</span> <span class='ocrx_word' id='word_1_108' title='bbox 1751 591 1812 621; x_wconf 92' lang='lat' dir='ltr'>quo</span> <span class='ocrx_word' id='word_1_109' title='bbox 1836 582 2014 622; x_wconf 86' lang='lat' dir='ltr'>profectum</span> 
     </span>
     <span class='ocr_line' id='line_1_10' title="bbox 222 632 2013 676; baseline -0.002 -6"><span class='ocrx_word' id='word_1_110' title='bbox 222 639 263 670; x_wconf 92' lang='lat' dir='ltr'>sit</span> <span class='ocrx_word' id='word_1_111' title='bbox 284 643 316 670; x_wconf 85' lang='lat' dir='ltr'>et</span> <span class='ocrx_word' id='word_1_112' title='bbox 336 638 449 676; x_wconf 85' lang='lat' dir='ltr'>rebuS,</span> <span class='ocrx_word' id='word_1_113' title='bbox 478 645 560 676; x_wconf 88' lang='lat' dir='ltr'>quae</span> <span class='ocrx_word' id='word_1_114' title='bbox 583 635 610 664; x_wconf 90' lang='lat' dir='ltr'>ei</span> <span class='ocrx_word' id='word_1_115' title='bbox 632 637 819 675; x_wconf 85' lang='lat' dir='ltr'>argumento</span> <span class='ocrx_word' id='word_1_116' title='bbox 842 633 923 672; x_wconf 86' lang='lat' dir='ltr'>sint,</span> <span class='ocrx_word' id='word_1_117' title='bbox 947 632 1048 662; x_wconf 89' lang='lat' dir='ltr'>lucem</span> <span class='ocrx_word' id='word_1_118' title='bbox 1071 632 1224 673; x_wconf 88' lang='lat' dir='ltr'>accipiat,</span> <span class='ocrx_word' id='word_1_119' title='bbox 1248 638 1397 672; x_wconf 89' lang='lat' dir='ltr'>quantum</span> <span class='ocrx_word' id='word_1_120' title='bbox 1423 633 1453 662; x_wconf 86' lang='lat' dir='ltr'>iu</span> <span class='ocrx_word' id='word_1_121' title='bbox 1476 643 1526 664; x_wconf 91' lang='lat' dir='ltr'>me</span> <span class='ocrx_word' id='word_1_122' title='bbox 1548 639 1617 664; x_wconf 86' lang='lat' dir='ltr'>erat</span> <span class='ocrx_word' id='word_1_123' title='bbox 1638 639 1669 665; x_wconf 88' lang='lat' dir='ltr'>et</span> <span class='ocrx_word' id='word_1_124' title='bbox 1691 640 1839 675; x_wconf 87' lang='lat' dir='ltr'>quantum</span> <span class='ocrx_word' id='word_1_125' title='bbox 1864 636 2013 666; x_wconf 92' lang='lat' dir='ltr'>librorum</span> 
     </span>
     <span class='ocr_line' id='line_1_11' title="bbox 224 687 1462 731; baseline -0.006 -7"><span class='ocrx_word' id='word_1_126' title='bbox 224 693 367 724; x_wconf 84' lang='lat' dir='ltr'>defectus</span> <span class='ocrx_word' id='word_1_127' title='bbox 390 690 604 731; x_wconf 85' lang='lat' dir='ltr'>permittebat,</span> <span class='ocrx_word' id='word_1_128' title='bbox 627 689 716 718; x_wconf 91' lang='lat' dir='ltr'>hisce</span> <span class='ocrx_word' id='word_1_129' title='bbox 738 688 832 718; x_wconf 90' lang='lat' dir='ltr'>rebus</span> <span class='ocrx_word' id='word_1_130' title='bbox 855 691 889 717; x_wconf 93' lang='lat' dir='ltr'>ut</span> <span class='ocrx_word' id='word_1_131' title='bbox 913 687 1011 717; x_wconf 85' lang='lat' dir='ltr'>lucem</span> <span class='ocrx_word' id='word_1_132' title='bbox 1034 687 1202 728; x_wconf 87' lang='lat' dir='ltr'>adferrem,</span> <span class='ocrx_word' id='word_1_133' title='bbox 1226 696 1354 728; x_wconf 86' lang='lat' dir='ltr'>operam</span> <span class='ocrx_word' id='word_1_134' title='bbox 1381 687 1462 717; x_wconf 90' lang='lat' dir='ltr'>dedi.</span> 
     </span>
    </p>
   </div>
   <div class='ocr_carea' id='block_1_3' title="bbox 219 775 2061 1509">
    <p class='ocr_par' dir='ltr' id='par_1_3' title="bbox 219 775 2061 1509">
     <span class='ocr_line' id='line_1_12' title="bbox 284 775 2017 816; baseline -0.003 -6"><span class='ocrx_word' id='word_1_135' title='bbox 284 779 416 810; x_wconf 81' lang='lat' dir='ltr'>Scholia</span> <span class='ocrx_word' id='word_1_136' title='bbox 437 777 601 808; x_wconf 73' lang='lat' dir='ltr'>Hamasae</span> <span class='ocrx_word' id='word_1_137' title='bbox 623 775 761 805; x_wconf 86' lang='lat' dir='ltr'>Arabica</span> <span class='ocrx_word' id='word_1_138' title='bbox 784 775 940 814; x_wconf 88' lang='lat' dir='ltr'>duplicem</span> <span class='ocrx_word' id='word_1_139' title='bbox 963 775 1087 806; x_wconf 90' lang='lat' dir='ltr'>adferre</span> <span class='ocrx_word' id='word_1_140' title='bbox 1110 781 1246 816; x_wconf 87' lang='lat' dir='ltr'>possunt</span> <span class='ocrx_word' id='word_1_141' title='bbox 1267 776 1446 815; x_wconf 85' lang='lat' dir='ltr'>legentibus</span> <span class='ocrx_word' id='word_1_142' title='bbox 1468 776 1648 812; x_wconf 79' lang='lat' dir='ltr'>utilitatem,</span> <span class='ocrx_word' id='word_1_143' title='bbox 1671 784 1777 814; x_wconf 82' lang='lat' dir='ltr'>unam,</span> <span class='ocrx_word' id='word_1_144' title='bbox 1800 775 1872 806; x_wconf 89' lang='lat' dir='ltr'>dum</span> <span class='ocrx_word' id='word_1_145' title='bbox 1888 776 1948 806; x_wconf 89' lang='lat' dir='ltr'>illis</span> <span class='ocrx_word' id='word_1_146' title='bbox 1969 776 2017 805; x_wconf 87' lang='lat' dir='ltr'>le-</span> 
     </span>
     <span class='ocr_line' id='line_1_13' title="bbox 219 828 2016 872; baseline -0.001 -9"><span class='ocrx_word' id='word_1_147' title='bbox 219 831 332 872; x_wconf 87' lang='lat' dir='ltr'>gendis</span> <span class='ocrx_word' id='word_1_148' title='bbox 348 831 505 862; x_wconf 88' lang='lat' dir='ltr'>Arabicae</span> <span class='ocrx_word' id='word_1_149' title='bbox 523 831 649 868; x_wconf 80' lang='lat' dir='ltr'>liuguae</span> <span class='ocrx_word' id='word_1_150' title='bbox 672 828 807 859; x_wconf 85' lang='lat' dir='ltr'>studiosi</span> <span class='ocrx_word' id='word_1_151' title='bbox 830 829 959 869; x_wconf 86' lang='lat' dir='ltr'>linguae</span> <span class='ocrx_word' id='word_1_152' title='bbox 981 834 1014 859; x_wconf 87' lang='lat' dir='ltr'>et</span> <span class='ocrx_word' id='word_1_153' title='bbox 1036 833 1311 869; x_wconf 74' lang='lat' dir='ltr'>grammaticorum</span> <span class='ocrx_word' id='word_1_154' title='bbox 1325 830 1533 860; x_wconf 90' lang='lat' dir='ltr'>Arabicor&#39;um</span> <span class='ocrx_word' id='word_1_155' title='bbox 1557 830 1780 869; x_wconf 87' lang='lat' dir='ltr'>perlectiorem</span> <span class='ocrx_word' id='word_1_156' title='bbox 1800 831 2016 870; x_wconf 81' lang='lat' dir='ltr'>cognitionem</span> 
     </span>
     <span class='ocr_line' id='line_1_14' title="bbox 220 882 2017 925; baseline -0.001 -8"><span class='ocrx_word' id='word_1_157' title='bbox 220 886 279 917; x_wconf 88' lang='lat' dir='ltr'>sibi</span> <span class='ocrx_word' id='word_1_158' title='bbox 302 889 503 925; x_wconf 82' lang='lat' dir='ltr'>comparant,</span> <span class='ocrx_word' id='word_1_159' title='bbox 523 893 618 923; x_wconf 84' lang='lat' dir='ltr'>quam</span> <span class='ocrx_word' id='word_1_160' title='bbox 641 882 680 912; x_wconf 86' lang='lat' dir='ltr'>ad</span> <span class='ocrx_word' id='word_1_161' title='bbox 705 892 771 912; x_wconf 91' lang='lat' dir='ltr'>rem</span> <span class='ocrx_word' id='word_1_162' title='bbox 795 883 903 912; x_wconf 89' lang='lat' dir='ltr'>nescio</span> <span class='ocrx_word' id='word_1_163' title='bbox 925 892 964 912; x_wconf 89' lang='lat' dir='ltr'>an</span> <span class='ocrx_word' id='word_1_164' title='bbox 987 883 1053 913; x_wconf 91' lang='lat' dir='ltr'>ulla</span> <span class='ocrx_word' id='word_1_165' title='bbox 1076 884 1198 913; x_wconf 84' lang='lat' dir='ltr'>scholia</span> <span class='ocrx_word' id='word_1_166' title='bbox 1221 894 1315 924; x_wconf 90' lang='lat' dir='ltr'>quam</span> <span class='ocrx_word' id='word_1_167' title='bbox 1338 884 1502 914; x_wconf 75' lang='lat' dir='ltr'>Hamasae</span> <span class='ocrx_word' id='word_1_168' title='bbox 1524 885 1646 924; x_wconf 79' lang='lat' dir='ltr'>aptiora</span> <span class='ocrx_word' id='word_1_169' title='bbox 1669 885 1748 923; x_wconf 87' lang='lat' dir='ltr'>sint,</span> <span class='ocrx_word' id='word_1_170' title='bbox 1771 885 1920 925; x_wconf 87' lang='lat' dir='ltr'>alteram,</span> <span class='ocrx_word' id='word_1_171' title='bbox 1943 884 2017 916; x_wconf 85' lang='lat' dir='ltr'>dum</span> 
     </span>
     <span class='ocr_line' id='line_1_15' title="bbox 220 937 2019 977; baseline -0.001 -7"><span class='ocrx_word' id='word_1_172' title='bbox 220 938 260 970; x_wconf 80' lang='lat' dir='ltr'>nd</span> <span class='ocrx_word' id='word_1_173' title='bbox 282 947 410 969; x_wconf 88' lang='lat' dir='ltr'>sensum</span> <span class='ocrx_word' id='word_1_174' title='bbox 433 947 585 968; x_wconf 87' lang='lat' dir='ltr'>versuum</span> <span class='ocrx_word' id='word_1_175' title='bbox 607 937 718 966; x_wconf 82' lang='lat' dir='ltr'>melius</span> <span class='ocrx_word' id='word_1_176' title='bbox 741 937 976 976; x_wconf 83' lang='lat' dir='ltr'>intelligendum</span> <span class='ocrx_word' id='word_1_177' title='bbox 999 939 1196 976; x_wconf 85' lang='lat' dir='ltr'>perveniunt.</span> <span class='ocrx_word' id='word_1_178' title='bbox 1240 939 1388 977; x_wconf 75' lang='lat' dir='ltr'>Linguae</span> <span class='ocrx_word' id='word_1_179' title='bbox 1411 938 1570 967; x_wconf 84' lang='lat' dir='ltr'>Arabicae</span> <span class='ocrx_word' id='word_1_180' title='bbox 1600 938 1755 968; x_wconf 72' lang='lat' dir='ltr'>studiosis</span> <span class='ocrx_word' id='word_1_181' title='bbox 1777 943 1811 968; x_wconf 89' lang='lat' dir='ltr'>ut</span> <span class='ocrx_word' id='word_1_182' title='bbox 1832 938 1873 969; x_wconf 85' lang='lat' dir='ltr'>ad</span> <span class='ocrx_word' id='word_1_183' title='bbox 1893 938 2019 969; x_wconf 78' lang='lat' dir='ltr'>scholia</span> 
     </span>
     <span class='ocr_line' id='line_1_16' title="bbox 220 986 2051 1036; baseline 0.001 -13"><span class='ocrx_word' id='word_1_184' title='bbox 220 992 356 1032; x_wconf 81' lang='lat' dir='ltr'>legenda</span> <span class='ocrx_word' id='word_1_185' title='bbox 379 994 462 1022; x_wconf 87' lang='lat' dir='ltr'>viam</span> <span class='ocrx_word' id='word_1_186' title='bbox 486 992 641 1032; x_wconf 83' lang='lat' dir='ltr'>aperirem</span> <span class='ocrx_word' id='word_1_187' title='bbox 665 995 696 1020; x_wconf 87' lang='lat' dir='ltr'>et</span> <span class='ocrx_word' id='word_1_188' title='bbox 717 991 748 1020; x_wconf 89' lang='lat' dir='ltr'>in</span> <span class='ocrx_word' id='word_1_189' title='bbox 770 991 916 1031; x_wconf 77' lang='lat' dir='ltr'>legendis</span> <span class='ocrx_word' id='word_1_190' title='bbox 939 991 1073 1036; x_wconf 77' lang='lat' dir='ltr'>scholiis</span> <span class='ocrx_word' id='word_1_191' title='bbox 1092 992 1251 1021; x_wconf 84' lang='lat' dir='ltr'>intellectu</span> <span class='ocrx_word' id='word_1_192' title='bbox 1275 991 1455 1022; x_wconf 70' lang='lat' dir='ltr'>difficilibus</span> <span class='ocrx_word' id='word_1_193' title='bbox 1477 993 1626 1023; x_wconf 77' lang='lat' dir='ltr'>auxilium</span> <span class='ocrx_word' id='word_1_194' title='bbox 1650 998 1866 1033; x_wconf 87' lang='lat' dir='ltr'>praestarem,</span> <span class='ocrx_word' id='word_1_195' title='bbox 1890 997 2018 1024; x_wconf 82' lang='lat' dir='ltr'>centum</span> <span class='ocrx_word' id='word_1_196' title='bbox 2045 986 2051 992; x_wconf 63' lang='grc'><strong>’</strong></span> 
     </span>
     <span class='ocr_line' id='line_1_17' title="bbox 219 1045 2016 1087; baseline -0.002 -8"><span class='ocrx_word' id='word_1_197' title='bbox 219 1047 406 1079; x_wconf 87' lang='lat' dir='ltr'>scholiorum</span> <span class='ocrx_word' id='word_1_198' title='bbox 428 1047 564 1087; x_wconf 82' lang='lat' dir='ltr'>paginas</span> <span class='ocrx_word' id='word_1_199' title='bbox 586 1045 624 1075; x_wconf 85' lang='lat' dir='ltr'>ad</span> <span class='ocrx_word' id='word_1_200' title='bbox 648 1045 778 1075; x_wconf 84' lang='lat' dir='ltr'>verbum</span> <span class='ocrx_word' id='word_1_201' title='bbox 803 1046 898 1075; x_wconf 86' lang='lat' dir='ltr'>latine</span> <span class='ocrx_word' id='word_1_202' title='bbox 919 1046 1011 1076; x_wconf 86' lang='lat' dir='ltr'>verti.</span> <span class='ocrx_word' id='word_1_203' title='bbox 1054 1047 1088 1074; x_wconf 87' lang='lat' dir='ltr'>In</span> <span class='ocrx_word' id='word_1_204' title='bbox 1110 1046 1227 1084; x_wconf 87' lang='lat' dir='ltr'>reliqua</span> <span class='ocrx_word' id='word_1_205' title='bbox 1247 1045 1438 1076; x_wconf 86' lang='lat' dir='ltr'>scholiorum</span> <span class='ocrx_word' id='word_1_206' title='bbox 1461 1050 1551 1085; x_wconf 88' lang='lat' dir='ltr'>parte</span> <span class='ocrx_word' id='word_1_207' title='bbox 1574 1056 1666 1085; x_wconf 84' lang='lat' dir='ltr'>quum</span> <span class='ocrx_word' id='word_1_208' title='bbox 1690 1047 1831 1076; x_wconf 88' lang='lat' dir='ltr'>locorum</span> <span class='ocrx_word' id='word_1_209' title='bbox 1855 1046 2016 1078; x_wconf 86' lang='lat' dir='ltr'>intellectu</span> 
     </span>
     <span class='ocr_line' id='line_1_18' title="bbox 221 1099 2016 1138; baseline -0.001 -6"><span class='ocrx_word' id='word_1_210' title='bbox 221 1101 390 1132; x_wconf 85' lang='lat' dir='ltr'>difficilium</span> <span class='ocrx_word' id='word_1_211' title='bbox 412 1101 566 1131; x_wconf 88' lang='lat' dir='ltr'>rationem</span> <span class='ocrx_word' id='word_1_212' title='bbox 589 1100 761 1137; x_wconf 78' lang='lat' dir='ltr'>habuerim,</span> <span class='ocrx_word' id='word_1_213' title='bbox 787 1099 830 1128; x_wconf 87' lang='lat' dir='ltr'>ita</span> <span class='ocrx_word' id='word_1_214' title='bbox 854 1103 887 1128; x_wconf 89' lang='lat' dir='ltr'>ut</span> <span class='ocrx_word' id='word_1_215' title='bbox 909 1109 948 1129; x_wconf 89' lang='lat' dir='ltr'>ea</span> <span class='ocrx_word' id='word_1_216' title='bbox 970 1104 1024 1129; x_wconf 81' lang='lat' dir='ltr'>aut</span> <span class='ocrx_word' id='word_1_217' title='bbox 1045 1100 1300 1130; x_wconf 86' lang='lat' dir='ltr'>adnotationibus</span> <span class='ocrx_word' id='word_1_218' title='bbox 1322 1101 1509 1131; x_wconf 80' lang='lat' dir='ltr'>illustrarem</span> <span class='ocrx_word' id='word_1_219' title='bbox 1534 1105 1587 1130; x_wconf 85' lang='lat' dir='ltr'>aut</span> <span class='ocrx_word' id='word_1_220' title='bbox 1612 1101 1708 1130; x_wconf 81' lang='lat' dir='ltr'>latine</span> <span class='ocrx_word' id='word_1_221' title='bbox 1732 1100 1908 1138; x_wconf 81' lang='lat' dir='ltr'>redderem,</span> <span class='ocrx_word' id='word_1_222' title='bbox 1933 1109 2016 1131; x_wconf 89' lang='lat' dir='ltr'>cen-</span> 
     </span>
     <span class='ocr_line' id='line_1_19' title="bbox 219 1153 2018 1194; baseline -0.002 -7"><span class='ocrx_word' id='word_1_223' title='bbox 219 1161 286 1187; x_wconf 83' lang='lat' dir='ltr'>tum</span> <span class='ocrx_word' id='word_1_224' title='bbox 308 1156 498 1186; x_wconf 90' lang='lat' dir='ltr'>scholiorum</span> <span class='ocrx_word' id='word_1_225' title='bbox 515 1155 651 1194; x_wconf 72' lang='lat' dir='ltr'>paginae</span> <span class='ocrx_word' id='word_1_226' title='bbox 667 1153 854 1183; x_wconf 72' lang='lat' dir='ltr'>exercendis</span> <span class='ocrx_word' id='word_1_227' title='bbox 866 1153 1019 1183; x_wconf 85' lang='lat' dir='ltr'>studiosis</span> <span class='ocrx_word' id='word_1_228' title='bbox 1032 1155 1184 1184; x_wconf 83' lang='lat' dir='ltr'>sufficere</span> <span class='ocrx_word' id='word_1_229' title='bbox 1199 1154 1396 1184; x_wconf 82' lang='lat' dir='ltr'>videbantur.</span> <span class='ocrx_word' id='word_1_230' title='bbox 1418 1155 1470 1184; x_wconf 91' lang='lat' dir='ltr'>Ne</span> <span class='ocrx_word' id='word_1_231' title='bbox 1484 1161 1586 1184; x_wconf 66' lang='lat' dir='ltr'>autem</span> <span class='ocrx_word' id='word_1_232' title='bbox 1598 1154 1730 1183; x_wconf 83' lang='lat' dir='ltr'>studiosi</span> <span class='ocrx_word' id='word_1_233' title='bbox 1744 1156 1831 1183; x_wconf 85' lang='lat' dir='ltr'>vires</span> <span class='ocrx_word' id='word_1_234' title='bbox 1844 1153 2018 1184; x_wconf 85' lang='lat' dir='ltr'>exercendi</span> 
     </span>
     <span class='ocr_line' id='line_1_20' title="bbox 221 1207 2061 1249; baseline -0.002 -8"><span class='ocrx_word' id='word_1_235' title='bbox 221 1209 387 1241; x_wconf 85' lang='lat' dir='ltr'>commodo</span> <span class='ocrx_word' id='word_1_236' title='bbox 415 1211 615 1249; x_wconf 82' lang='lat' dir='ltr'>privarentur</span> <span class='ocrx_word' id='word_1_237' title='bbox 646 1212 677 1237; x_wconf 85' lang='lat' dir='ltr'>et</span> <span class='ocrx_word' id='word_1_238' title='bbox 708 1208 773 1237; x_wconf 86' lang='lat' dir='ltr'>libri</span> <span class='ocrx_word' id='word_1_239' title='bbox 796 1207 897 1236; x_wconf 86' lang='lat' dir='ltr'>moles</span> <span class='ocrx_word' id='word_1_240' title='bbox 920 1208 1011 1237; x_wconf 89' lang='lat' dir='ltr'>nimis</span> <span class='ocrx_word' id='word_1_241' title='bbox 1033 1212 1254 1247; x_wconf 84' lang='lat' dir='ltr'>accresceret,</span> <span class='ocrx_word' id='word_1_242' title='bbox 1283 1208 1456 1238; x_wconf 82' lang='lat' dir='ltr'>verendum</span> <span class='ocrx_word' id='word_1_243' title='bbox 1480 1214 1545 1238; x_wconf 81' lang='lat' dir='ltr'>erat</span> <span class='ocrx_word' id='word_1_244' title='bbox 1572 1213 1602 1237; x_wconf 91' lang='lat' dir='ltr'>et</span> <span class='ocrx_word' id='word_1_245' title='bbox 1626 1218 1706 1247; x_wconf 85' lang='lat' dir='ltr'>quae</span> <span class='ocrx_word' id='word_1_246' title='bbox 1734 1209 1764 1238; x_wconf 89' lang='lat' dir='ltr'>in</span> <span class='ocrx_word' id='word_1_247' title='bbox 1792 1210 2019 1238; x_wconf 80' lang='lat' dir='ltr'>commentario</span> <span class='ocrx_word' id='word_1_248' title='bbox 2059 1242 2061 1244; x_wconf 51' lang='grc'><strong>,</strong></span> 
     </span>
     <span class='ocr_line' id='line_1_21' title="bbox 221 1260 2018 1301; baseline -0.001 -7"><span class='ocrx_word' id='word_1_249' title='bbox 221 1264 359 1294; x_wconf 84' lang='lat' dir='ltr'>Arabico</span> <span class='ocrx_word' id='word_1_250' title='bbox 382 1263 487 1292; x_wconf 89' lang='lat' dir='ltr'>multis</span> <span class='ocrx_word' id='word_1_251' title='bbox 511 1271 610 1300; x_wconf 82' lang='lat' dir='ltr'>saepe</span> <span class='ocrx_word' id='word_1_252' title='bbox 634 1261 739 1290; x_wconf 83' lang='lat' dir='ltr'>verbis</span> <span class='ocrx_word' id='word_1_253' title='bbox 763 1261 847 1289; x_wconf 83' lang='lat' dir='ltr'>dicta</span> <span class='ocrx_word' id='word_1_254' title='bbox 871 1264 960 1298; x_wconf 86' lang='lat' dir='ltr'>sunt,</span> <span class='ocrx_word' id='word_1_255' title='bbox 992 1260 1103 1290; x_wconf 86' lang='lat' dir='ltr'>eadem</span> <span class='ocrx_word' id='word_1_256' title='bbox 1127 1261 1237 1300; x_wconf 82' lang='lat' dir='ltr'>paucis</span> <span class='ocrx_word' id='word_1_257' title='bbox 1261 1271 1320 1291; x_wconf 91' lang='lat' dir='ltr'>non</span> <span class='ocrx_word' id='word_1_258' title='bbox 1343 1262 1445 1291; x_wconf 90' lang='lat' dir='ltr'>minus</span> <span class='ocrx_word' id='word_1_259' title='bbox 1468 1262 1548 1291; x_wconf 89' lang='lat' dir='ltr'>bene</span> <span class='ocrx_word' id='word_1_260' title='bbox 1571 1262 1719 1291; x_wconf 76' lang='lat' dir='ltr'>il&#39;ustrari</span> <span class='ocrx_word' id='word_1_261' title='bbox 1741 1266 1881 1301; x_wconf 82' lang='lat' dir='ltr'>possunt.</span> <span class='ocrx_word' id='word_1_262' title='bbox 1927 1262 2018 1292; x_wconf 89' lang='lat' dir='ltr'>Cen-</span> 
     </span>
     <span class='ocr_line' id='line_1_22' title="bbox 221 1314 2018 1356; baseline -0.001 -9"><span class='ocrx_word' id='word_1_263' title='bbox 221 1322 285 1347; x_wconf 88' lang='lat' dir='ltr'>tum</span> <span class='ocrx_word' id='word_1_264' title='bbox 308 1321 412 1347; x_wconf 90' lang='lat' dir='ltr'>autem</span> <span class='ocrx_word' id='word_1_265' title='bbox 436 1316 560 1355; x_wconf 68' lang='lat' dir='ltr'>paginis</span> <span class='ocrx_word' id='word_1_266' title='bbox 585 1315 610 1344; x_wconf 92' lang='lat' dir='ltr'>si</span> <span class='ocrx_word' id='word_1_267' title='bbox 635 1320 684 1344; x_wconf 79' lang='lat' dir='ltr'>aut</span> <span class='ocrx_word' id='word_1_268' title='bbox 710 1314 921 1343; x_wconf 75' lang='lat' dir='ltr'>necessarium</span> <span class='ocrx_word' id='word_1_269' title='bbox 947 1318 1000 1343; x_wconf 87' lang='lat' dir='ltr'>aut</span> <span class='ocrx_word' id='word_1_270' title='bbox 1027 1315 1101 1344; x_wconf 87' lang='lat' dir='ltr'>utile</span> <span class='ocrx_word' id='word_1_271' title='bbox 1122 1314 1300 1351; x_wconf 76' lang='lat' dir='ltr'>videbatur,</span> <span class='ocrx_word' id='word_1_272' title='bbox 1325 1315 1546 1345; x_wconf 77' lang='lat' dir='ltr'>adnotationes</span> <span class='ocrx_word' id='word_1_273' title='bbox 1570 1316 1597 1344; x_wconf 92' lang='lat' dir='ltr'>in</span> <span class='ocrx_word' id='word_1_274' title='bbox 1621 1316 1762 1355; x_wconf 83' lang='lat' dir='ltr'>margine</span> <span class='ocrx_word' id='word_1_275' title='bbox 1791 1315 1914 1351; x_wconf 71' lang='lat' dir='ltr'>addidi3</span> <span class='ocrx_word' id='word_1_276' title='bbox 1944 1320 2018 1356; x_wconf 85' lang='lat' dir='ltr'>post</span> 
     </span>
     <span class='ocr_line' id='line_1_23' title="bbox 220 1368 2018 1411; baseline -0.002 -10"><span class='ocrx_word' id='word_1_277' title='bbox 220 1372 367 1411; x_wconf 79' lang='lat' dir='ltr'>paginam</span> <span class='ocrx_word' id='word_1_278' title='bbox 398 1371 603 1401; x_wconf 84' lang='lat' dir='ltr'>centesimam</span> <span class='ocrx_word' id='word_1_279' title='bbox 629 1378 647 1398; x_wconf 86' lang='lat' dir='ltr'>a</span> <span class='ocrx_word' id='word_1_280' title='bbox 669 1368 836 1398; x_wconf 82' lang='lat' dir='ltr'>verborum</span> <span class='ocrx_word' id='word_1_281' title='bbox 868 1377 965 1397; x_wconf 84' lang='lat' dir='ltr'>sensu</span> <span class='ocrx_word' id='word_1_282' title='bbox 995 1369 1146 1407; x_wconf 82' lang='lat' dir='ltr'>paulatim</span> <span class='ocrx_word' id='word_1_283' title='bbox 1178 1368 1317 1405; x_wconf 84' lang='lat' dir='ltr'>recessi,</span> <span class='ocrx_word' id='word_1_284' title='bbox 1352 1368 1395 1398; x_wconf 81' lang='lat' dir='ltr'>ita</span> <span class='ocrx_word' id='word_1_285' title='bbox 1424 1372 1453 1398; x_wconf 86' lang='lat' dir='ltr'>ut</span> <span class='ocrx_word' id='word_1_286' title='bbox 1486 1370 1746 1399; x_wconf 84' lang='lat' dir='ltr'>commentarium</span> <span class='ocrx_word' id='word_1_287' title='bbox 1774 1369 1803 1398; x_wconf 91' lang='lat' dir='ltr'>in</span> <span class='ocrx_word' id='word_1_288' title='bbox 1831 1368 2018 1408; x_wconf 85' lang='lat' dir='ltr'>explicando</span> 
     </span>
     <span class='ocr_line' id='line_1_24' title="bbox 223 1421 2017 1462; baseline -0.001 -8"><span class='ocrx_word' id='word_1_289' title='bbox 223 1433 373 1454; x_wconf 89' lang='lat' dir='ltr'>versuum</span> <span class='ocrx_word' id='word_1_290' title='bbox 399 1432 497 1453; x_wconf 90' lang='lat' dir='ltr'>sensu</span> <span class='ocrx_word' id='word_1_291' title='bbox 521 1422 693 1452; x_wconf 88' lang='lat' dir='ltr'>consulens</span> <span class='ocrx_word' id='word_1_292' title='bbox 715 1421 838 1461; x_wconf 84' lang='lat' dir='ltr'>quidem</span> <span class='ocrx_word' id='word_1_293' title='bbox 864 1426 984 1452; x_wconf 83' lang='lat' dir='ltr'>tantum</span> <span class='ocrx_word' id='word_1_294' title='bbox 1013 1426 1118 1452; x_wconf 79' lang='lat' dir='ltr'>tamen</span> <span class='ocrx_word' id='word_1_295' title='bbox 1149 1423 1275 1459; x_wconf 82' lang='lat' dir='ltr'>aberat,</span> <span class='ocrx_word' id='word_1_296' title='bbox 1304 1427 1338 1452; x_wconf 90' lang='lat' dir='ltr'>ut</span> <span class='ocrx_word' id='word_1_297' title='bbox 1359 1432 1429 1452; x_wconf 88' lang='lat' dir='ltr'>eum</span> <span class='ocrx_word' id='word_1_298' title='bbox 1454 1432 1579 1462; x_wconf 82' lang='lat' dir='ltr'>semper</span> <span class='ocrx_word' id='word_1_299' title='bbox 1601 1432 1776 1462; x_wconf 82' lang='lat' dir='ltr'>sequerer,</span> <span class='ocrx_word' id='word_1_300' title='bbox 1806 1427 1840 1452; x_wconf 89' lang='lat' dir='ltr'>ut</span> <span class='ocrx_word' id='word_1_301' title='bbox 1863 1422 2017 1453; x_wconf 87' lang='lat' dir='ltr'>interdum</span> 
     </span>
     <span class='ocr_line' id='line_1_25' title="bbox 223 1477 538 1509; baseline -0.006 -1"><span class='ocrx_word' id='word_1_302' title='bbox 223 1478 263 1509; x_wconf 75' lang='lat' dir='ltr'>ab</span> <span class='ocrx_word' id='word_1_303' title='bbox 287 1488 325 1508; x_wconf 88' lang='lat' dir='ltr'>eo</span> <span class='ocrx_word' id='word_1_304' title='bbox 348 1477 538 1507; x_wconf 82' lang='lat' dir='ltr'>recederem.</span> 
     </span>
    </p>
   </div>
   <div class='ocr_carea' id='block_1_4' title="bbox 222 1548 2019 1849">
    <p class='ocr_par' dir='ltr' id='par_1_4' title="bbox 222 1548 2019 1849">
     <span class='ocr_line' id='line_1_26' title="bbox 319 1548 2017 1590; baseline -0.002 -9"><span class='ocrx_word' id='word_1_305' title='bbox 319 1552 354 1581; x_wconf 89' lang='lat' dir='ltr'>Iu</span> <span class='ocrx_word' id='word_1_306' title='bbox 384 1560 500 1581; x_wconf 92' lang='lat' dir='ltr'>versus</span> <span class='ocrx_word' id='word_1_307' title='bbox 531 1553 739 1590; x_wconf 82' lang='lat' dir='ltr'>grammatice</span> <span class='ocrx_word' id='word_1_308' title='bbox 771 1550 952 1589; x_wconf 84' lang='lat' dir='ltr'>explicandi</span> <span class='ocrx_word' id='word_1_309' title='bbox 982 1551 1103 1581; x_wconf 88' lang='lat' dir='ltr'>ratione</span> <span class='ocrx_word' id='word_1_310' title='bbox 1133 1550 1353 1581; x_wconf 78' lang='lat' dir='ltr'>difficultatem</span> <span class='ocrx_word' id='word_1_311' title='bbox 1387 1550 1532 1580; x_wconf 83' lang='lat' dir='ltr'>adferunt</span> <span class='ocrx_word' id='word_1_312' title='bbox 1566 1550 1686 1580; x_wconf 90' lang='lat' dir='ltr'>termini</span> <span class='ocrx_word' id='word_1_313' title='bbox 1715 1549 1869 1588; x_wconf 88' lang='lat' dir='ltr'>technici,</span> <span class='ocrx_word' id='word_1_314' title='bbox 1905 1548 2017 1589; x_wconf 85' lang='lat' dir='ltr'>quibus</span> 
     </span>
     <span class='ocr_line' id='line_1_27' title="bbox 222 1602 2018 1645; baseline -0.002 -11"><span class='ocrx_word' id='word_1_315' title='bbox 222 1605 419 1645; x_wconf 81' lang='lat' dir='ltr'>grammatici</span> <span class='ocrx_word' id='word_1_316' title='bbox 442 1604 572 1634; x_wconf 83' lang='lat' dir='ltr'>Arabici</span> <span class='ocrx_word' id='word_1_317' title='bbox 598 1605 646 1634; x_wconf 93' lang='lat' dir='ltr'>usi</span> <span class='ocrx_word' id='word_1_318' title='bbox 670 1609 764 1645; x_wconf 84' lang='lat' dir='ltr'>sunt,</span> <span class='ocrx_word' id='word_1_319' title='bbox 795 1605 910 1644; x_wconf 87' lang='lat' dir='ltr'>quippe</span> <span class='ocrx_word' id='word_1_320' title='bbox 933 1605 984 1644; x_wconf 88' lang='lat' dir='ltr'>qui</span> <span class='ocrx_word' id='word_1_321' title='bbox 1007 1613 1109 1644; x_wconf 84' lang='lat' dir='ltr'>neque</span> <span class='ocrx_word' id='word_1_322' title='bbox 1133 1604 1239 1634; x_wconf 87' lang='lat' dir='ltr'>verbis</span> <span class='ocrx_word' id='word_1_323' title='bbox 1262 1603 1396 1633; x_wconf 85' lang='lat' dir='ltr'>eundem</span> <span class='ocrx_word' id='word_1_324' title='bbox 1421 1612 1548 1632; x_wconf 89' lang='lat' dir='ltr'>sensum</span> <span class='ocrx_word' id='word_1_325' title='bbox 1571 1602 1776 1632; x_wconf 81' lang='lat' dir='ltr'>offerentibus</span> <span class='ocrx_word' id='word_1_326' title='bbox 1804 1602 1884 1631; x_wconf 90' lang='lat' dir='ltr'>verti</span> <span class='ocrx_word' id='word_1_327' title='bbox 1913 1611 2018 1642; x_wconf 86' lang='lat' dir='ltr'>neque</span> 
     </span>
     <span class='ocr_line' id='line_1_28' title="bbox 225 1654 2019 1697; baseline -0.002 -9"><span class='ocrx_word' id='word_1_328' title='bbox 225 1658 360 1688; x_wconf 88' lang='lat' dir='ltr'>dilucide</span> <span class='ocrx_word' id='word_1_329' title='bbox 385 1662 418 1687; x_wconf 89' lang='lat' dir='ltr'>et</span> <span class='ocrx_word' id='word_1_330' title='bbox 439 1658 577 1688; x_wconf 77' lang='lat' dir='ltr'>breviter</span> <span class='ocrx_word' id='word_1_331' title='bbox 600 1658 695 1688; x_wconf 87' lang='lat' dir='ltr'>latino</span> <span class='ocrx_word' id='word_1_332' title='bbox 718 1667 865 1688; x_wconf 86' lang='lat' dir='ltr'>sermone</span> <span class='ocrx_word' id='word_1_333' title='bbox 888 1659 1040 1697; x_wconf 85' lang='lat' dir='ltr'>explicari</span> <span class='ocrx_word' id='word_1_334' title='bbox 1065 1658 1208 1697; x_wconf 89' lang='lat' dir='ltr'>possint,</span> <span class='ocrx_word' id='word_1_335' title='bbox 1239 1667 1302 1697; x_wconf 91' lang='lat' dir='ltr'>qua</span> <span class='ocrx_word' id='word_1_336' title='bbox 1329 1657 1360 1687; x_wconf 88' lang='lat' dir='ltr'>in</span> <span class='ocrx_word' id='word_1_337' title='bbox 1382 1667 1415 1686; x_wconf 86' lang='lat' dir='ltr'>rc</span> <span class='ocrx_word' id='word_1_338' title='bbox 1440 1661 1474 1686; x_wconf 82' lang='lat' dir='ltr'>ut</span> <span class='ocrx_word' id='word_1_339' title='bbox 1496 1657 1674 1696; x_wconf 79' lang='lat' dir='ltr'>legentibus</span> <span class='ocrx_word' id='word_1_340' title='bbox 1698 1666 1758 1686; x_wconf 92' lang='lat' dir='ltr'>non</span> <span class='ocrx_word' id='word_1_341' title='bbox 1789 1655 1949 1691; x_wconf 84' lang='lat' dir='ltr'>deessem,</span> <span class='ocrx_word' id='word_1_342' title='bbox 1978 1654 2019 1685; x_wconf 85' lang='lat' dir='ltr'>ad</span> 
     </span>
     <span class='ocr_line' id='line_1_29' title="bbox 225 1709 2019 1751; baseline -0.002 -10"><span class='ocrx_word' id='word_1_343' title='bbox 225 1713 417 1751; x_wconf 86' lang='lat' dir='ltr'>praeclarum</span> <span class='ocrx_word' id='word_1_344' title='bbox 451 1721 533 1751; x_wconf 88' lang='lat' dir='ltr'>opus</span> <span class='ocrx_word' id='word_1_345' title='bbox 555 1714 794 1751; x_wconf 77' lang='lat' dir='ltr'>grammaticum</span> <span class='ocrx_word' id='word_1_346' title='bbox 826 1712 909 1742; x_wconf 87' lang='lat' dir='ltr'>beati</span> <span class='ocrx_word' id='word_1_347' title='bbox 931 1711 971 1741; x_wconf 87' lang='lat' dir='ltr'>de</span> <span class='ocrx_word' id='word_1_348' title='bbox 995 1713 1093 1751; x_wconf 68' lang='lat' dir='ltr'>Sacyi</span> <span class='ocrx_word' id='word_1_349' title='bbox 1118 1712 1278 1741; x_wconf 69' lang='lat' dir='ltr'>remittere</span> <span class='ocrx_word' id='word_1_350' title='bbox 1302 1712 1402 1742; x_wconf 86' lang='lat' dir='ltr'>satius</span> <span class='ocrx_word' id='word_1_351' title='bbox 1427 1712 1616 1742; x_wconf 74' lang='lat' dir='ltr'>existimavi.</span> <span class='ocrx_word' id='word_1_352' title='bbox 1669 1710 1739 1748; x_wconf 85' lang='lat' dir='ltr'>Quo</span> <span class='ocrx_word' id='word_1_353' title='bbox 1762 1720 1857 1749; x_wconf 92' lang='lat' dir='ltr'>opere</span> <span class='ocrx_word' id='word_1_354' title='bbox 1881 1715 1945 1739; x_wconf 86' lang='lat' dir='ltr'>tum</span> <span class='ocrx_word' id='word_1_355' title='bbox 1969 1709 2019 1738; x_wconf 91' lang='lat' dir='ltr'>lc-</span> 
     </span>
     <span class='ocr_line' id='line_1_30' title="bbox 223 1764 2019 1806; baseline -0.002 -12"><span class='ocrx_word' id='word_1_356' title='bbox 223 1765 326 1804; x_wconf 85' lang='lat' dir='ltr'>gendo</span> <span class='ocrx_word' id='word_1_357' title='bbox 350 1770 415 1795; x_wconf 91' lang='lat' dir='ltr'>tum</span> <span class='ocrx_word' id='word_1_358' title='bbox 445 1765 626 1795; x_wconf 85' lang='lat' dir='ltr'>evolvendo</span> <span class='ocrx_word' id='word_1_359' title='bbox 649 1766 699 1805; x_wconf 93' lang='lat' dir='ltr'>qui</span> <span class='ocrx_word' id='word_1_360' title='bbox 722 1766 751 1795; x_wconf 93' lang='lat' dir='ltr'>in</span> <span class='ocrx_word' id='word_1_361' title='bbox 773 1765 918 1806; x_wconf 84' lang='lat' dir='ltr'>legendis</span> <span class='ocrx_word' id='word_1_362' title='bbox 941 1766 1158 1805; x_wconf 80' lang='lat' dir='ltr'>grammaticis</span> <span class='ocrx_word' id='word_1_363' title='bbox 1182 1766 1330 1796; x_wconf 87' lang='lat' dir='ltr'>Arabicis</span> <span class='ocrx_word' id='word_1_364' title='bbox 1359 1765 1569 1805; x_wconf 84' lang='lat' dir='ltr'>supersedere</span> <span class='ocrx_word' id='word_1_365' title='bbox 1601 1774 1696 1804; x_wconf 88' lang='lat' dir='ltr'>posse</span> <span class='ocrx_word' id='word_1_366' title='bbox 1725 1768 1831 1804; x_wconf 84' lang='lat' dir='ltr'>putat,</span> <span class='ocrx_word' id='word_1_367' title='bbox 1862 1764 1888 1793; x_wconf 88' lang='lat' dir='ltr'>is</span> <span class='ocrx_word' id='word_1_368' title='bbox 1911 1771 2019 1792; x_wconf 89' lang='lat' dir='ltr'>errore</span> 
     </span>
     <span class='ocr_line' id='line_1_31' title="bbox 223 1819 666 1849; baseline 0 -1"><span class='ocrx_word' id='word_1_369' title='bbox 223 1819 282 1848; x_wconf 88' lang='lat' dir='ltr'>sibi</span> <span class='ocrx_word' id='word_1_370' title='bbox 305 1819 402 1849; x_wconf 87' lang='lat' dir='ltr'>valde</span> <span class='ocrx_word' id='word_1_371' title='bbox 424 1819 520 1848; x_wconf 83' lang='lat' dir='ltr'>noxio</span> <span class='ocrx_word' id='word_1_372' title='bbox 543 1819 666 1849; x_wconf 85' lang='lat' dir='ltr'>labitur.</span> 
     </span>
    </p>
   </div>
   <div class='ocr_carea' id='block_1_5' title="bbox 221 1903 2019 2151">
    <p class='ocr_par' dir='ltr' id='par_1_5' title="bbox 221 1903 2019 2151">
     <span class='ocr_line' id='line_1_32' title="bbox 309 1903 2018 1944; baseline -0.002 -9"><span class='ocrx_word' id='word_1_373' title='bbox 309 1905 482 1935; x_wconf 81' lang='lat' dir='ltr'>Maximam</span> <span class='ocrx_word' id='word_1_374' title='bbox 507 1909 610 1934; x_wconf 88' lang='lat' dir='ltr'>autem</span> <span class='ocrx_word' id='word_1_375' title='bbox 635 1904 816 1944; x_wconf 85' lang='lat' dir='ltr'>legentibus</span> <span class='ocrx_word' id='word_1_376' title='bbox 840 1905 1054 1944; x_wconf 74' lang='lat' dir='ltr'>difficultatem</span> <span class='ocrx_word' id='word_1_377' title='bbox 1079 1916 1193 1936; x_wconf 76' lang='lat' dir='ltr'>versus</span> <span class='ocrx_word' id='word_1_378' title='bbox 1218 1908 1246 1936; x_wconf 88' lang='lat' dir='ltr'>in</span> <span class='ocrx_word' id='word_1_379' title='bbox 1271 1907 1494 1936; x_wconf 88' lang='lat' dir='ltr'>commentario</span> <span class='ocrx_word' id='word_1_380' title='bbox 1517 1905 1604 1934; x_wconf 81' lang='lat' dir='ltr'>citati</span> <span class='ocrx_word' id='word_1_381' title='bbox 1628 1903 1791 1942; x_wconf 81' lang='lat' dir='ltr'>adferunt,</span> <span class='ocrx_word' id='word_1_382' title='bbox 1820 1912 1915 1943; x_wconf 90' lang='lat' dir='ltr'>quum</span> <span class='ocrx_word' id='word_1_383' title='bbox 1936 1903 2018 1934; x_wconf 87' lang='lat' dir='ltr'>enim</span> 
     </span>
     <span class='ocr_line' id='line_1_33' title="bbox 223 1957 2018 1998; baseline -0.001 -10"><span class='ocrx_word' id='word_1_384' title='bbox 223 1957 351 1988; x_wconf 85' lang='lat' dir='ltr'>difficile</span> <span class='ocrx_word' id='word_1_385' title='bbox 374 1964 424 1988; x_wconf 81' lang='lat' dir='ltr'>est</span> <span class='ocrx_word' id='word_1_386' title='bbox 455 1968 608 1988; x_wconf 90' lang='lat' dir='ltr'>versuum</span> <span class='ocrx_word' id='word_1_387' title='bbox 640 1967 767 1987; x_wconf 85' lang='lat' dir='ltr'>sensum</span> <span class='ocrx_word' id='word_1_388' title='bbox 801 1960 1025 1988; x_wconf 85' lang='lat' dir='ltr'>commentario</span> <span class='ocrx_word' id='word_1_389' title='bbox 1056 1962 1281 1989; x_wconf 84' lang='lat' dir='ltr'>instructorum</span> <span class='ocrx_word' id='word_1_390' title='bbox 1313 1964 1399 1989; x_wconf 83' lang='lat' dir='ltr'>recte</span> <span class='ocrx_word' id='word_1_391' title='bbox 1430 1958 1609 1998; x_wconf 66' lang='lat' dir='ltr'>percipere,</span> <span class='ocrx_word' id='word_1_392' title='bbox 1643 1961 1710 1987; x_wconf 87' lang='lat' dir='ltr'>tuin</span> <span class='ocrx_word' id='word_1_393' title='bbox 1740 1957 1896 1986; x_wconf 85' lang='lat' dir='ltr'>difficilius</span> <span class='ocrx_word' id='word_1_394' title='bbox 1924 1957 2018 1987; x_wconf 82' lang='lat' dir='ltr'>etiam</span> 
     </span>
     <span class='ocr_line' id='line_1_34' title="bbox 223 2009 2019 2051; baseline -0.001 -11"><span class='ocrx_word' id='word_1_395' title='bbox 223 2009 443 2050; x_wconf 84' lang='lat' dir='ltr'>iudicandum,</span> <span class='ocrx_word' id='word_1_396' title='bbox 466 2012 495 2040; x_wconf 90' lang='lat' dir='ltr'>si</span> <span class='ocrx_word' id='word_1_397' title='bbox 517 2010 633 2049; x_wconf 74' lang='lat' dir='ltr'>singuli</span> <span class='ocrx_word' id='word_1_398' title='bbox 657 2019 773 2040; x_wconf 84' lang='lat' dir='ltr'>versus</span> <span class='ocrx_word' id='word_1_399' title='bbox 796 2016 947 2041; x_wconf 73' lang='lat' dir='ltr'>contextu</span> <span class='ocrx_word' id='word_1_400' title='bbox 974 2013 1104 2042; x_wconf 85' lang='lat' dir='ltr'>aliorum</span> <span class='ocrx_word' id='word_1_401' title='bbox 1129 2021 1276 2043; x_wconf 84' lang='lat' dir='ltr'>carentes</span> <span class='ocrx_word' id='word_1_402' title='bbox 1297 2014 1392 2044; x_wconf 87' lang='lat' dir='ltr'>adlati</span> <span class='ocrx_word' id='word_1_403' title='bbox 1416 2018 1498 2043; x_wconf 88' lang='lat' dir='ltr'>sunt.</span> <span class='ocrx_word' id='word_1_404' title='bbox 1543 2012 1616 2051; x_wconf 84' lang='lat' dir='ltr'>Qua</span> <span class='ocrx_word' id='word_1_405' title='bbox 1640 2010 1678 2040; x_wconf 91' lang='lat' dir='ltr'>de</span> <span class='ocrx_word' id='word_1_406' title='bbox 1702 2019 1799 2040; x_wconf 88' lang='lat' dir='ltr'>causa</span> <span class='ocrx_word' id='word_1_407' title='bbox 1822 2010 1855 2040; x_wconf 83' lang='lat' dir='ltr'>si&#39;</span> <span class='ocrx_word' id='word_1_408' title='bbox 1869 2010 1940 2048; x_wconf 89' lang='lat' dir='ltr'>quis</span> <span class='ocrx_word' id='word_1_409' title='bbox 1963 2014 2019 2040; x_wconf 83' lang='lat' dir='ltr'>aut</span> 
     </span>
     <span class='ocr_line' id='line_1_35' title="bbox 221 2065 2019 2107; baseline -0.001 -13"><span class='ocrx_word' id='word_1_410' title='bbox 221 2065 346 2105; x_wconf 80' lang='lat' dir='ltr'>ingenio</span> <span class='ocrx_word' id='word_1_411' title='bbox 361 2066 488 2095; x_wconf 69' lang='lat' dir='ltr'>meliore</span> <span class='ocrx_word' id='word_1_412' title='bbox 513 2068 682 2096; x_wconf 85' lang='lat' dir='ltr'>instructus</span> <span class='ocrx_word' id='word_1_413' title='bbox 706 2071 759 2095; x_wconf 84' lang='lat' dir='ltr'>aut</span> <span class='ocrx_word' id='word_1_414' title='bbox 784 2066 1043 2097; x_wconf 87' lang='lat' dir='ltr'>commentarium</span> <span class='ocrx_word' id='word_1_415' title='bbox 1068 2068 1238 2107; x_wconf 84' lang='lat' dir='ltr'>inspiciens</span> <span class='ocrx_word' id='word_1_416' title='bbox 1260 2069 1289 2097; x_wconf 90' lang='lat' dir='ltr'>in</span> <span class='ocrx_word' id='word_1_417' title='bbox 1314 2067 1467 2097; x_wconf 84' lang='lat' dir='ltr'>vertendo</span> <span class='ocrx_word' id='word_1_418' title='bbox 1485 2073 1622 2098; x_wconf 82' lang='lat' dir='ltr'>erratum</span> <span class='ocrx_word' id='word_1_419' title='bbox 1639 2076 1712 2097; x_wconf 88' lang='lat' dir='ltr'>csse</span> <span class='ocrx_word' id='word_1_420' title='bbox 1726 2065 1894 2103; x_wconf 84' lang='lat' dir='ltr'>detexerit,</span> <span class='ocrx_word' id='word_1_421' title='bbox 1917 2072 2019 2103; x_wconf 86' lang='lat' dir='ltr'>aequo</span> 
     </span>
     <span class='ocr_line' id='line_1_36' title="bbox 226 2118 863 2151; baseline 0.003 -3"><span class='ocrx_word' id='word_1_422' title='bbox 226 2118 320 2149; x_wconf 89' lang='lat' dir='ltr'>modo</span> <span class='ocrx_word' id='word_1_423' title='bbox 343 2119 487 2149; x_wconf 88' lang='lat' dir='ltr'>iudicium</span> <span class='ocrx_word' id='word_1_424' title='bbox 514 2121 619 2150; x_wconf 77' lang='lat' dir='ltr'>serens</span> <span class='ocrx_word' id='word_1_425' title='bbox 643 2130 692 2150; x_wconf 85' lang='lat' dir='ltr'>me</span> <span class='ocrx_word' id='word_1_426' title='bbox 717 2126 863 2151; x_wconf 79' lang='lat' dir='ltr'>excuset.</span> 
     </span>
    </p>
   </div>
   <div class='ocr_carea' id='block_1_6' title="bbox 225 2203 2020 2354">
    <p class='ocr_par' dir='ltr' id='par_1_6' title="bbox 225 2203 2020 2354">
     <span class='ocr_line' id='line_1_37' title="bbox 315 2203 2020 2247; baseline -0.001 -12"><span class='ocrx_word' id='word_1_427' title='bbox 315 2204 431 2235; x_wconf 90' lang='lat' dir='ltr'>Corani</span> <span class='ocrx_word' id='word_1_428' title='bbox 456 2206 554 2246; x_wconf 75' lang='lat' dir='ltr'>locos,</span> <span class='ocrx_word' id='word_1_429' title='bbox 579 2207 630 2246; x_wconf 88' lang='lat' dir='ltr'>qui</span> <span class='ocrx_word' id='word_1_430' title='bbox 648 2209 675 2237; x_wconf 87' lang='lat' dir='ltr'>in</span> <span class='ocrx_word' id='word_1_431' title='bbox 694 2208 916 2238; x_wconf 76' lang='lat' dir='ltr'>commentario</span> <span class='ocrx_word' id='word_1_432' title='bbox 939 2217 1038 2247; x_wconf 82' lang='lat' dir='ltr'>saepe</span> <span class='ocrx_word' id='word_1_433' title='bbox 1058 2208 1145 2237; x_wconf 74' lang='lat' dir='ltr'>enati</span> <span class='ocrx_word' id='word_1_434' title='bbox 1164 2212 1345 2243; x_wconf 85' lang='lat' dir='ltr'>occurrunt,</span> <span class='ocrx_word' id='word_1_435' title='bbox 1365 2214 1435 2237; x_wconf 80' lang='lat' dir='ltr'>‘nec</span> <span class='ocrx_word' id='word_1_436' title='bbox 1457 2216 1517 2236; x_wconf 86' lang='lat' dir='ltr'>uon</span> <span class='ocrx_word' id='word_1_437' title='bbox 1540 2205 1720 2246; x_wconf 79' lang='lat' dir='ltr'>proverbia,</span> <span class='ocrx_word' id='word_1_438' title='bbox 1742 2206 1794 2235; x_wconf 91' lang='lat' dir='ltr'>ubi</span> <span class='ocrx_word' id='word_1_439' title='bbox 1816 2205 1846 2235; x_wconf 89' lang='lat' dir='ltr'>in</span> <span class='ocrx_word' id='word_1_440' title='bbox 1868 2203 2020 2235; x_wconf 79' lang='lat' dir='ltr'>Meidanii</span> 
     </span>
     <span class='ocr_line' id='line_1_38' title="bbox 225 2258 2019 2300; baseline -0.001 -13"><span class='ocrx_word' id='word_1_441' title='bbox 225 2267 321 2297; x_wconf 89' lang='lat' dir='ltr'>opere</span> <span class='ocrx_word' id='word_1_442' title='bbox 345 2259 559 2298; x_wconf 65' lang='lat' dir='ltr'>reperiuntur,</span> <span class='ocrx_word' id='word_1_443' title='bbox 593 2260 737 2292; x_wconf 84' lang='lat' dir='ltr'>indicavi.</span> <span class='ocrx_word' id='word_1_444' title='bbox 791 2261 884 2299; x_wconf 83' lang='lat' dir='ltr'>Quae</span> <span class='ocrx_word' id='word_1_445' title='bbox 915 2261 1080 2300; x_wconf 84' lang='lat' dir='ltr'>proverbia</span> <span class='ocrx_word' id='word_1_446' title='bbox 1103 2270 1198 2300; x_wconf 87' lang='lat' dir='ltr'>quum</span> <span class='ocrx_word' id='word_1_447' title='bbox 1220 2271 1250 2290; x_wconf 88' lang='lat' dir='ltr'>in</span> <span class='ocrx_word' id='word_1_448' title='bbox 1275 2261 1426 2291; x_wconf 83' lang='lat' dir='ltr'>Meidanii</span> <span class='ocrx_word' id='word_1_449' title='bbox 1457 2269 1551 2300; x_wconf 82' lang='lat' dir='ltr'>opere</span> <span class='ocrx_word' id='word_1_450' title='bbox 1579 2260 1657 2289; x_wconf 83' lang='lat' dir='ltr'>satis</span> <span class='ocrx_word' id='word_1_451' title='bbox 1680 2268 1838 2299; x_wconf 88' lang='lat' dir='ltr'>superque</span> <span class='ocrx_word' id='word_1_452' title='bbox 1859 2258 2019 2297; x_wconf 73' lang='lat' dir='ltr'>explicata</span> 
     </span>
     <span class='ocr_line' id='line_1_39' title="bbox 225 2313 1170 2354; baseline 0.004 -14"><span class='ocrx_word' id='word_1_453' title='bbox 225 2313 299 2351; x_wconf 82' lang='lat' dir='ltr'>sint,</span> <span class='ocrx_word' id='word_1_454' title='bbox 325 2313 353 2341; x_wconf 94' lang='lat' dir='ltr'>in</span> <span class='ocrx_word' id='word_1_455' title='bbox 379 2314 604 2342; x_wconf 81' lang='lat' dir='ltr'>commentario</span> <span class='ocrx_word' id='word_1_456' title='bbox 627 2314 774 2345; x_wconf 85' lang='lat' dir='ltr'>illustrari</span> <span class='ocrx_word' id='word_1_457' title='bbox 796 2323 1071 2354; x_wconf 81' lang='lat' dir='ltr'>supervacaneum</span> <span class='ocrx_word' id='word_1_458' title='bbox 1094 2320 1170 2345; x_wconf 88' lang='lat' dir='ltr'>erat.</span> 
     </span>
    </p>
   </div>
   <div class='ocr_carea' id='block_1_7' title="bbox 309 2398 2017 2441">
    <p class='ocr_par' dir='ltr' id='par_1_7' title="bbox 309 2398 2017 2441">
     <span class='ocr_line' id='line_1_40' title="bbox 309 2398 2017 2441; baseline 0.001 -13"><span class='ocrx_word' id='word_1_459' title='bbox 309 2398 436 2439; x_wconf 83' lang='lat' dir='ltr'>Locos,</span> <span class='ocrx_word' id='word_1_460' title='bbox 469 2400 519 2439; x_wconf 93' lang='lat' dir='ltr'>qui</span> <span class='ocrx_word' id='word_1_461' title='bbox 548 2409 566 2428; x_wconf 86' lang='lat' dir='ltr'>a</span> <span class='ocrx_word' id='word_1_462' title='bbox 590 2399 733 2430; x_wconf 81' lang='lat' dir='ltr'>&#39;rebrisio</span> <span class='ocrx_word' id='word_1_463' title='bbox 762 2411 780 2430; x_wconf 88' lang='lat' dir='ltr'>e</span> <span class='ocrx_word' id='word_1_464' title='bbox 809 2402 964 2432; x_wconf 78' lang='lat' dir='ltr'>Mersukii</span> <span class='ocrx_word' id='word_1_465' title='bbox 995 2402 1221 2433; x_wconf 79' lang='lat' dir='ltr'>commentario</span> <span class='ocrx_word' id='word_1_466' title='bbox 1251 2402 1400 2441; x_wconf 88' lang='lat' dir='ltr'>exscripti</span> <span class='ocrx_word' id='word_1_467' title='bbox 1433 2402 1516 2441; x_wconf 86' lang='lat' dir='ltr'>sint,</span> <span class='ocrx_word' id='word_1_468' title='bbox 1546 2411 1646 2441; x_wconf 85' lang='lat' dir='ltr'>saepe</span> <span class='ocrx_word' id='word_1_469' title='bbox 1676 2406 1814 2431; x_wconf 84' lang='lat' dir='ltr'>mutatos</span> <span class='ocrx_word' id='word_1_470' title='bbox 1841 2408 1915 2430; x_wconf 85' lang='lat' dir='ltr'>esse</span> <span class='ocrx_word' id='word_1_471' title='bbox 1943 2400 2017 2430; x_wconf 73' lang='lat' dir='ltr'>dixi.</span> 
     </span>
    </p>
   </div>
   <div class='ocr_carea' id='block_1_8' title="bbox 227 2451 2023 2547">
    <p class='ocr_par' dir='ltr' id='par_1_8' title="bbox 227 2451 2023 2547">
     <span class='ocr_line' id='line_1_41' title="bbox 230 2451 2023 2497; baseline 0.004 -17"><span class='ocrx_word' id='word_1_472' title='bbox 230 2451 261 2479; x_wconf 78' lang='lat' dir='ltr'>lu</span> <span class='ocrx_word' id='word_1_473' title='bbox 292 2452 404 2490; x_wconf 85' lang='lat' dir='ltr'>quibus</span> <span class='ocrx_word' id='word_1_474' title='bbox 427 2453 453 2482; x_wconf 90' lang='lat' dir='ltr'>si</span> <span class='ocrx_word' id='word_1_475' title='bbox 481 2452 621 2483; x_wconf 80' lang='lat' dir='ltr'>mutandi</span> <span class='ocrx_word' id='word_1_476' title='bbox 652 2453 730 2482; x_wconf 87' lang='lat' dir='ltr'>ratio</span> <span class='ocrx_word' id='word_1_477' title='bbox 757 2455 888 2492; x_wconf 82' lang='lat' dir='ltr'>gravior</span> <span class='ocrx_word' id='word_1_478' title='bbox 911 2460 1021 2493; x_wconf 89' lang='lat' dir='ltr'>esset,</span> <span class='ocrx_word' id='word_1_479' title='bbox 1055 2460 1088 2485; x_wconf 88' lang='lat' dir='ltr'>ut</span> <span class='ocrx_word' id='word_1_480' title='bbox 1110 2464 1127 2485; x_wconf 93' lang='lat' dir='ltr'>a</span> <span class='ocrx_word' id='word_1_481' title='bbox 1151 2464 1201 2485; x_wconf 89' lang='lat' dir='ltr'>me</span> <span class='ocrx_word' id='word_1_482' title='bbox 1223 2455 1491 2495; x_wconf 83' lang='lat' dir='ltr'>indicarioperae</span> <span class='ocrx_word' id='word_1_483' title='bbox 1513 2459 1644 2497; x_wconf 84' lang='lat' dir='ltr'>pretium</span> <span class='ocrx_word' id='word_1_484' title='bbox 1667 2460 1765 2494; x_wconf 86' lang='lat' dir='ltr'>esset,</span> <span class='ocrx_word' id='word_1_485' title='bbox 1788 2464 1846 2486; x_wconf 87' lang='lat' dir='ltr'>eos</span> <span class='ocrx_word' id='word_1_486' title='bbox 1864 2455 2023 2493; x_wconf 75' lang='lat' dir='ltr'>indicavi5.</span> 
     </span>
     <span class='ocr_line' id='line_1_42' title="bbox 227 2503 648 2547; baseline 0.012 -16"><span class='ocrx_word' id='word_1_487' title='bbox 227 2503 273 2532; x_wconf 84' lang='lat' dir='ltr'>sin</span> <span class='ocrx_word' id='word_1_488' title='bbox 298 2505 411 2543; x_wconf 79' lang='lat' dir='ltr'>minus,</span> <span class='ocrx_word' id='word_1_489' title='bbox 435 2515 491 2536; x_wconf 86' lang='lat' dir='ltr'>eos</span> <span class='ocrx_word' id='word_1_490' title='bbox 511 2507 648 2547; x_wconf 80' lang='lat' dir='ltr'>neglexi.</span> 
     </span>
    </p>
   </div>
   <div class='ocr_carea' id='block_1_9' title="bbox 308 2577 2017 2626">
    <p class='ocr_par' dir='ltr' id='par_1_9' title="bbox 308 2577 2017 2626">
     <span class='ocr_line' id='line_1_43' title="bbox 308 2577 2017 2626; baseline 0.004 -20"><span class='ocrx_word' id='word_1_491' title='bbox 308 2577 488 2610; x_wconf 81' lang='lat' dir='ltr'>Occasione</span> <span class='ocrx_word' id='word_1_492' title='bbox 498 2581 601 2611; x_wconf 83' lang='lat' dir='ltr'>oblata</span> <span class='ocrx_word' id='word_1_493' title='bbox 625 2582 717 2612; x_wconf 87' lang='lat' dir='ltr'>rebus</span> <span class='ocrx_word' id='word_1_494' title='bbox 740 2582 781 2612; x_wconf 85' lang='lat' dir='ltr'>ad</span> <span class='ocrx_word' id='word_1_495' title='bbox 803 2583 980 2616; x_wconf 82' lang='lat' dir='ltr'>historiam.</span> <span class='ocrx_word' id='word_1_496' title='bbox 1003 2585 1220 2624; x_wconf 79' lang='lat' dir='ltr'>antiquitates,</span> <span class='ocrx_word' id='word_1_497' title='bbox 1245 2585 1342 2615; x_wconf 79' lang='lat' dir='ltr'>vitam</span> <span class='ocrx_word' id='word_1_498' title='bbox 1366 2595 1534 2626; x_wconf 83' lang='lat' dir='ltr'>moresque</span> <span class='ocrx_word' id='word_1_499' title='bbox 1551 2584 1688 2614; x_wconf 77' lang='lat' dir='ltr'>Arabum</span> <span class='ocrx_word' id='word_1_500' title='bbox 1714 2584 1932 2623; x_wconf 84' lang='lat' dir='ltr'>spectantibus</span> <span class='ocrx_word' id='word_1_501' title='bbox 1955 2592 2017 2614; x_wconf 83' lang='lat' dir='ltr'>ex-</span> 
     </span>
    </p>
   </div>
  </div>
 </body>
</html>
