2247 2865
1004 119 1268 149 -196—

250 222 282 250 4.
313 221 375 249 Vos
398 223 500 249 autem
522 222 550 248 si
571 220 695 248 caedem
719 227 781 247 non
804 218 1008 250 ulciscentes,
1040 217 1144 244 caedis
1165 218 1299 252 prelium
1325 218 1482 253 accr'pelis.
1509 217 1637 244 nuribus
1660 217 1789 244 resectis
1812 217 1912 243 Instar
1935 218 2023 243 stru-

989 270 1105 298 tlu'om's
1126 268 1283 298 incedite!

350 346 379 375 A
409 344 508 374 fratre
535 343 574 374 ad
601 347 730 383 gentem
757 351 794 370 se
824 344 1017 371 convertens
1045 338 1137 378 dicit,
1177 347 1245 368 eam
1281 338 1418 368 vindicta
1453 339 1601 380 neglecta
1642 338 1781 369 dedecus
1815 338 2024 367 admissuram

252 418 339 440 esse.
380 408 513 438 Formae
543 406 633 436 verbi
664 410 800 434 octavae
824 400 920 442 &0⁸35
953 400 1143 442 significatio
1175 401 1332 440 »pretium
1358 401 1521 442 sanguinis
1549 402 1714 440 accipere«
1745 401 1859 431 tributa
1889 403 1956 437 est,
1995 403 2038 429 utr

251 471 351 501 verbo
379 468 465 509 ..ρ-μὶ
491 468 680 509 significatio
711 465 847 496 »donum
874 465 1042 503 accipere«
1072 468 1143 504 est,
1182 473 1271 502 quam
1308 462 1572 503 significationem
1608 464 1637 492 in
1663 464 1769 493 verbis
1794 461 2028 493 Moluunmedis

251 533 429 563 invenimus
446 542 453 564 ς
500 531 762 572 »Cogitaveram‚
789 538 839 559 me
866 528 926 558 nisi
947 537 966 557 a
992 526 1192 556 Koraischita
1218 529 1271 556 aut
1284 525 1465 555 Medinensi
1481 524 1595 555 donum
1611 531 1818 565 accepturum
1838 535 1898 554 non
1917 534 2028 554 esse«.

252 595 373 626 Eadem
402 603 525 633 quoque
552 591 794 634 significationis
822 591 899 620 ratio
927 590 1026 620 verbo
1052 588 1160 635 &mxii
1189 589 1341 628 (accepit,
1369 591 1479 631 exegit
1506 589 1663 627 debitum)
1692 593 1751 618 est.
1781 589 1815 617 ln
1838 597 1918 618 voce
1937 589 2029 628 θέλω

253 657 369 696 duplex
395 661 450 686 aut
476 665 548 686 cum
575 655 679 685 vocali
705 653 808 684 Fatha
835 658 889 683 aut
916 663 985 684 cum
1014 653 1170 683 Dhamma
1196 653 1381 683 enunciandi
1408 652 1518 682 modus
1542 652 1708 691 reperitur.
1748 650 1802 680 lile
1840 650 2030 689 imperativo

252 718 410 749 secundae
438 718 558 748 formae
584 717 673 747 verbi
699 717 796 762 &xz-20,
824 716 876 746 hic
901 716 1088 755 imperativo
1116 716 1235 755 primae
1263 716 1353 746 verbi
1380 719 1448 757 vit-‘0
1474 720 1535 745 est.
1587 715 1644 744 Illa
1672 713 1809 745 secunda
1837 713 1934 743 forma
1962 712 2030 742 fre-

252 785 400 821 quentem
438 782 596 811 incessum
629 778 725 824 (conf.
757 779 814 811 Gr.
844 780 899 808 Ar.
927 780 963 809 T.
991 779 1014 808 1.
1041 789 1071 818 p.
1106 776 1201 820 131.)
1236 778 1417 819 significat,
1452 778 1531 807 haec
1565 776 1831 816 significationem
1870 776 2030 814 ›)palpate,

253 839 467 885 abstergiteh(
498 844 602 873 habet.
630 843 822 882 imperativo
850 847 905 872 aut
932 840 1070 871 mandati
1097 840 1289 880 significatio
1317 845 1370 870 aut
1397 839 1632 878 imprecationis
1652 848 1727 867 esse
1744 843 1862 877 potest.
1892 837 2031 866 Priorem

253 905 439 934 enunciandi
465 905 587 934 modum
615 905 653 933 ob
680 907 782 943 ipsam
810 913 936 943 quoque
963 904 1232 942 praepositionem
1259 915 1291 938 ..a
1319 901 1561 941 praeferendum
1584 904 1669 939 puto.
1697 901 1732 929 In
1748 900 1875 929 auribus
1894 900 2030 928 resectis

253 966 406 996 vilitatem
435 970 466 996 et
492 966 696 1007 ignominiam
723 966 812 995 videt
840 965 938 1002 (conf.
966 966 1058 995 Ham.
1081 965 1117 994 ΙΗΩ
1146 975 1174 994 V.
1196 965 1256 1003 3.).
1287 966 1318 994 ln
1347 974 1385 994 eo
1412 964 1550 994 fortasse
1578 964 1637 993 illis
1665 964 1858 1002 temporibus
1887 962 2032 1002 puniendi

252 1028 362 1058 modus
393 1033 471 1059 erat.
501 1028 746 1067 Compar-atione
773 1034 877 1057 autem
905 1037 975 1057 cum
1004 1028 1263 1057 strutliioeamelo
1292 1027 1438 1056 instituta
1467 1036 1562 1056 aures
1589 1027 1713 1056 omnino
1741 1031 1905 1063 resectas,
1933 1030 1965 1055 ut
1993 1024 2032 1053 nil

253 1100 360 1120 earum
388 1090 595 1130 remanserit,
623 1089 748 1119 indicat.
786 1090 1062 1119 Strutliiocamelis
1091 1099 1278 1130 quamquam
1305 1089 1335 1119 id
1364 1094 1477 1119 natura
1503 1090 1660 1128 proprium
1688 1093 1766 1129 erat,
1795 1093 1898 1119 tamen
1924 1097 2032 1118 earum

253 1161 348 1181 aures
375 1157 554 1191 amputatas
588 1162 664 1182 esse
700 1152 791 1182 finxit
825 1152 902 1193 (Pro
931 1163 1011 1183 voce
1039 1151 1145 1197 [ΛΜΞ
1171 1153 1190 1182 l.
1224 1154 1244 1182 5
1272 1153 1372 1182 schol.
1400 1153 1430 1182 in
1464 1152 1573 1182 codice
1600 1152 1758 1182 Mersukii
1786 1150 1894 1197 5523an
1921 1150 2032 1180 melius

254 1214 413 1255 legitur).
446 1214 567 1244 Fabula
593 1220 656 1255 est,
683 1216 977 1246 struthiocamelum
1005 1226 1125 1247 cornua
1151 1216 1212 1247 duo
1247 1218 1416 1256 petiturum
1442 1218 1582 1256 exiisse3
1622 1217 1679 1247 sed
1714 1217 1842 1246 auribus
1863 1216 2033 1254 amputatis

253 1277 400 1310 rediisse.
456 1278 542 1308 Idem
576 1279 663 1308 asino
680 1279 836 1309 accidisse
860 1285 989 1310 narrant
1019 1280 1121 1319 (conf.
1151 1281 1290 1310 Meidan.
1322 1281 1358 1311 C.
1387 1282 1421 1322 9,
1451 1281 1538 1320 760.
1582 1282 1643 1310 Alii
1669 1285 1774 1310 autem
1800 1283 1851 1319 qni
1878 1279 2033 1309 struthio-

254 1338 393 1368 camelos
422 1341 546 1369 omnino
574 1340 690 1370 surdos
707 1350 782 1370 esse
799 1341 836 1370 ob
854 1342 972 1372 aurium
987 1342 1158 1380 defectum,
1173 1348 1209 1372 ut
1236 1353 1318 1382 quae
1347 1352 1426 1382 opus
1454 1344 1526 1383 sint,
1554 1344 1676 1372 nonnisi
1703 1342 1799 1372 odore
1823 1343 2033 1383 distinguant,

253 1411 328 1430 csse
354 1406 483 1442 putant,
512 1404 680 1433 verborum
707 1404 737 1433 in
763 1415 859 1435 versu
888 1416 1017 1435 sensum
1044 1406 1091 1435 sic
1116 1405 1286 1436 definiunt:
1326 1407 1373 1435 lte
1401 1411 1548 1444 tanquam
1575 1405 1663 1435 surdi
1690 1406 1730 1434 nil
1758 1404 1925 1434 audientes
1952 1406 2033 1440 eius,

254 1463 335 1502 quod
361 1464 504 1493 homines
532 1470 642 1495 contra
675 1475 733 1496 vos
761 1467 799 1496 ob
827 1468 1010 1507 neglectam
1040 1467 1211 1497 vindictam
1239 1468 1406 1506 loquuntur
1434 1467 1513 1497 conf.
1533 1467 1680 1497 Bochai-ti
1696 1468 1828 1497 Hieroz.
1845 1466 1880 1495 T.
1896 1467 1932 1495 ll.
1950 1466 2030 1496 261.

254 1587 285 1616 5.
329 1587 440 1626 Neque
461 1589 502 1616 ad
525 1598 638 1626 aquam
661 1590 725 1617 nisi
746 1600 764 1618 α
786 1590 968 1619 mulieribus
990 1590 1131 1619 reliclam
1155 1591 1310 1626 accedite,
1344 1600 1438 1628 quum
1470 1589 1571 1618 calces
1604 1600 1711 1618 earum
1742 1592 1897 1625 sanquine
1925 1590 2033 1626 inqui-

1029 1648 1122 1673 natae
1145 1648 1221 1673 sunl
1230 1643 1243 1672 J
2021 1668 2041 1692 .

354 1712 469 1742 Verbis
495 1716 549 1742 aut
574 1712 729 1742 interdicti
758 1718 812 1742 aut
838 1713 1069 1752 imprecationis
1097 1723 1215 1742 sensus
1244 1713 1334 1744 tribui
1362 1714 1444 1743 lieet.
1489 1712 1598 1742 lnfimo
1625 1714 1695 1743 loco
1724 1714 1762 1742 ob
1782 1713 1923 1743 dedecus
1941 1713 2032 1742 vobis

255 1773 432 1804 adhaerens
460 1774 595 1804 habendi
622 1770 710 1805 sitis!
739 1776 828 1805 'l'alis
856 1775 894 1805 ad
921 1784 1033 1814 aquam
1060 1775 1231 1806 accedendi
1262 1775 1338 1805 ordo
1366 1775 1448 1814 apud
1475 1776 1601 1805 Arabes
1629 1776 1870 1805 observabatur.
1899 1775 2033 1804 Primum

255 1838 314 1866 viri
341 1837 555 1878 accedebant3
584 1842 646 1868 lum
674 1838 859 1868 mercenarii
887 1842 919 1867 et
945 1842 1112 1877 pastores3
1140 1838 1275 1876 denique
1305 1838 1467 1877 mulieres,
1488 1848 1583 1877 quum
1613 1838 1721 1876 reliqui
1745 1847 1854 1866 omnes
1883 1837 1952 1867 inde
1982 1847 2035 1866 re-

257 1904 430 1930 cesserant.
483 1901 636 1930 Solebam
664 1901 745 1930 enim
773 1902 921 1931 mulieres
949 1907 981 1931 et
1010 1910 1125 1940 eorpus
1153 1906 1184 1929 et
1202 1905 1313 1930 vestes
1342 1900 1462 1937 lavare,
1478 1899 1551 1928 dum
1580 1908 1714 1929 securae
1736 1899 1774 1928 ab
1794 1899 1872 1927 omni
1901 1908 1934 1927 re
1947 1899 2033 1937 ipsas

257 1962 400 1991 turbante
428 1968 526 1992 erant.
574 1962 635 2001 Qui
663 1973 754 2004 aqua,
782 1964 881 1994 donec
908 1964 979 1994 inde
1006 1964 1153 1994 mulieres
1173 1966 1400 1999 recessissent,
1425 1962 1615 1998 abstinebat,
1633 1962 1770 1991 maximo
1798 1961 1957 1991 dedecore
1976 1959 2035 1990 ad-

257 2022 429 2053 ficiebatur.
483 2025 637 2055 Mulieres
665 2030 769 2056 autem
797 2027 955 2066 sanguine
983 2032 1212 2057 menstruorum
1242 2027 1421 2065 inquinatas
1450 2025 1553 2066 fingit,
1583 2031 1616 2056 ut
1642 2035 1694 2055 res
1723 2026 1852 2066 gravior
1878 2025 1944 2055 fiat.
1974 2026 2034 2055 Al·-

258 2086 421 2125 namarila‚
450 2092 580 2117 auctore
608 2089 873 2129 Abu-Rijascho,
902 2090 1062 2119 diversum
1089 2088 1316 2127 interpretandi
1343 2088 1467 2118 modum
1504 2088 1634 2126 adtulit,
1675 2088 1757 2118 hunc
1790 2097 1919 2117 sensum
1959 2097 2034 2117 esse

259 2146 386 2176 dicens:
415 2148 449 2176 Si
480 2151 614 2186 pretium
640 2152 807 2191 sanguinis
834 2152 991 2192 accipit157
1019 2161 1037 2181 a
1064 2152 1147 2181 nulla
1173 2161 1207 2180 re
1234 2151 1316 2189 turpi
1355 2155 1467 2188 postea
1506 2150 1686 2189 recedetis,
1725 2155 1760 2179 ut
1786 2159 1856 2180 cum
1884 2150 2034 2179 uxoribus

260 2210 379 2238 vestris
406 2212 579 2241 menstruis
607 2213 824 2244 laborantibus
865 2223 916 2243 res
943 2215 1036 2244 vobis
1072 2214 1178 2244 futura
1209 2214 1261 2242 sit.
1315 2213 1385 2242 Hoc
1413 2222 1512 2242 sensu
1542 2218 1670 2251 recepto
1700 2218 1796 2251 poeta
1830 2221 1911 2241 voce
1949 2208 2034 2252 33:05

259 2275 492 2300 menstruorum
520 2273 665 2311 reliquias
694 2274 878 2315 designavit
906 2281 937 2305 et
960 2276 1145 2315 metaphora
1182 2285 1261 2305 usus
1300 2276 1408 2305 initum
1443 2284 1612 2305 accessum
1635 2274 1674 2304 ad
1706 2284 1818 2313 aquam
1849 2273 2033 2312 appellavit.

263 2332 595 2364 Abu-Moliammedes
624 2335 774 2366 Alahrabi
804 2338 884 2367 hunc
910 2339 1018 2368 verbis
1045 2347 1173 2369 sensum
1203 2339 1322 2369 tribuit:
1349 2339 1455 2367 Pretio
1483 2338 1646 2377 sanguinis
1673 2342 1804 2376 accepto
1831 2345 1869 2365 ne
1896 2335 1934 2365 ad
1953 2345 2034 2364 nun-

262 2396 349 2425 dinas
377 2397 513 2427 veniatis
539 2397 656 2427 honore
683 2404 794 2429 vestro
830 2399 986 2430 dedecore
1024 2401 1194 2440 inquinato,
1235 2401 1325 2439 quasi
1352 2400 1501 2429 mulieres
1544 2400 1713 2429 menstruis
1748 2399 1925 2428 laborantes
1950 2398 2032 2426 sitis.

265 2459 346 2488 Huic
372 2459 486 2498 Djeriri
513 2461 674 2491 sententia
699 2462 727 2490 in
755 2470 852 2490 versu
882 2463 972 2491 metri
1000 2462 1109 2492 Camel
1139 2462 1251 2492 similis
1282 2465 1348 2491 est:
1375 2463 1433 2492 Ne
1461 2471 1602 2502 regum
1628 2465 1778 2491 vestes
1807 2466 2034 2488 memorate

265 2517 430 2560 (quibus
459 2531 530 2551 vos
557 2524 695 2553 ornati
722 2522 962 2563 estis),nam
990 2528 1086 2562 post
1113 2524 1330 2554 Sobairum
1351 2533 1428 2552 vos
1455 2528 1674 2553 menstruo
1701 2521 2034 2559 laboranti.quae

266 2580 415 2611 lavata
442 2592 514 2612 non
542 2590 622 2621 est,
651 2585 820 2614 similes
849 2580 973 2614 estis!
1004 2585 1124 2623 (conf.
1153 2586 1244 2615 Ham.
1275 2596 1303 2625 p.
1332 2589 1367 2615 ro
1395 2583 1530 2625 adnot.)

2246 1107 2247 1111 „
2240 914 2247 1095 m—-b—
2243 878 2247 896 ,-
