2247 2865
966 104 1005 111 -
1065 87 1233 118 ²98-

206 191 336 230 habere,
364 200 405 222 ex
433 191 550 222 Corani
578 191 648 222 loeo
674 190 748 220 Sur.
781 189 837 228 18,
867 189 924 218 59.
951 188 1099 219 videmus
1130 188 1224 218 »Non
1253 189 1391 218 cessabo
1417 189 1518 220 donec
1545 190 1584 220 ad
1613 191 1734 232 locum,
1762 194 1812 223 ubi
1837 194 1900 224 duo
1927 196 1997 225 'tnn-

203 256 249 286 ria
279 255 488 295 conveniant,
524 253 742 294 perveniam«.
796 252 829 281 ln
859 251 920 282 hoc
947 252 1028 281 enim
1056 252 1124 281 loco
1149 252 1284 281 verbum
1313 263 1374 303 Cf?
1401 261 1419 282 e
1447 252 1540 282 loco
1579 262 1658 283 non
1690 255 1923 293 prodeundi
1949 258 1997 287 si,-

203 316 441 359 gniflcationem
467 316 598 346 habero·
614 322 675 344 nou
702 317 823 353 potest,
853 314 905 353 qui
933 314 1016 343 enim
1043 322 1061 343 e
1087 312 1158 344 loco
1184 322 1245 342 non
1272 314 1400 352 prodiit,
1426 314 1464 344 ad
1492 315 1587 345 alium
1615 316 1719 346 locum
1747 319 1917 355 pervenire
1936 328 1997 350 non

204 384 322 420 potest.
366 378 506 408 Sensum
531 375 788 417 transgrediendi
815 384 928 405 vocem
957 376 1095 406 indicare
1122 376 1224 405 videri
1254 376 1332 406 dixit
1360 377 1556 406 scholiastes
1585 383 1617 408 et
1645 388 1716 409 cum
1743 379 1803 409 hoc
1821 381 1997 412 cohaerere

203 442 321 472 verba:
362 438 432 485 bk>
457 435 602 482 &ja-l,
630 435 667 483 tq)
692 436 830 481 „naa->sti
860 442 916 468 »tu
945 437 1149 467 admiratione
1177 438 1324 468 adfecisti
1365 439 1523 470 dominum
1557 447 1590 471 et
1618 441 1826 472 admiratione
1852 443 1998 474 adfecisti

203 504 365 534 vicinum«
388 502 415 541 ι)
455 501 474 530 i.
504 510 534 530 e.
564 507 671 530 omnes
705 499 760 528 tibi
795 499 950 538 aequales
981 500 1154 530 virtutibus
1189 505 1420 539 transgressus
1455 512 1501 532 es.
1568 504 1674 534 Verba
1709 494 1791 535 103⁸
1825 516 1908 554 „552
1936 511 1997 536 etc.

204 568 320 596 statum
346 562 529 603 designant.
582 561 640 591 lile
667 566 774 591 autem
808 564 915 590 status
951 570 1006 590 eos
1042 560 1235 592 fortissimos
1271 573 1347 592 esse
1378 563 1513 604 indicat,
1552 565 1709 603 siquidem
1746 566 1806 605 ipsi
1841 571 1994 606 tempora,

201 635 262 667 quo
287 635 397 668 pugna
421 625 601 655 vehemens
635 625 678 654 sit
705 629 739 654 et
766 623 854 654 multi
889 624 1098 665 occidantur,
1134 624 1175 654 ad
1206 635 1344 665 pugnum
1372 632 1481 656 contra
1508 637 1546 656 se
1570 633 1758 667 provocent.
1810 629 1904 659 voce
1929 641 1994 678 ἐς»

198 690 238 720 ob
264 689 404 719 colorem
430 688 609 719 caeruleum
636 687 781 728 chalybis
809 687 960 726 cuspides
987 685 1108 730 (conf.
1136 698 1168 728 p.
1187 688 1234 717 w?
1260 699 1292 718 v.
1322 690 1374 725 5.)
1402 691 1582 729 appellatae
1609 696 1692 721 sunt.
1747 692 1993 723 Substantivum

199 754 354 784 omissum
391 762 488 792 esse,
525 756 559 783 ut
585 753 615 782 in
641 757 752 782 nostro
779 752 850 781 loco
877 751 924 780 sic
951 761 980 790 p.
1008 753 1066 782 ΜΡ
1091 761 1122 781 v.
1150 752 1183 782 3.
1212 751 1403 781 invenimus.
1458 753 1532 782 Vox
1567 751 1646 784 eb>
1678 758 1732 783 aut
1767 754 1858 784 littus
1890 755 1993 794 ipsum

197 815 382 856 provinc-iae
409 815 548 845 Bahrain
574 819 629 845 aut
655 819 801 855 portum,
829 815 881 847 ubi
904 815 1018 846 hastae
1043 814 1277 852 vendebantur,
1305 814 1466 856 designat.
1519 816 1643 846 Hastae
1670 813 1768 862 ,ΞΣ-τὸ·
1794 826 1909 847 nomen
1937 827 1994 848 ac-

195 883 373 919 ceperunt,
410 883 464 908 aut
497 879 571 917 quia
606 877 647 907 ibi
673 877 906 917 proveniebant
931 883 987 908 aut
1013 876 1086 908 inde
1113 878 1364 917 exportabantur
1404 876 1507 908 conf.
1537 879 1646 908 Ham.
1674 881 1700 908 Η
1730 889 1761 909 v.
1794 880 1822 909 1.
1876 879 1994 909 Poetae

194 943 328 980 saepius
355 940 482 970 lanceas
511 945 661 980 tanquam
698 949 856 979 personas
893 943 1027 981 agentes
1063 940 1244 971 describunt
1281 941 1390 970 conf.
1418 950 1448 979 p.
1475 951 1501 969 Λ·
1529 951 1560 969 v.
1592 942 1622 970 4.
1651 943 1697 970 t⁴v0
1727 951 1759 971 v.
1788 941 1820 971 3.
1875 942 1992 972 Verbis

195 1007 302 1033 autem
329 1002 501 1032 morbum
527 1002 804 1032 medicabant
829 1004 953 1033 varium
981 1012 1109 1033 sensum
1136 1003 1322 1032 tribuerunt.
1377 1003 1508 1033 Morbus
1539 1009 1593 1034 aut
1621 1005 1803 1043 superbiam
1822 1004 1992 1045 significat,

193 1073 275 1104 quae
303 1064 334 1094 in
359 1064 467 1102 victo,
507 1065 676 1095 vulnerato
704 1070 737 1096 et
766 1067 874 1096 occiso
902 1067 1040 1105 tollitur,
1076 1070 1130 1094 aut
1158 1070 1313 1106 aegrotus
1341 1065 1564 1105 hypocritam,
1604 1066 1815 1096 blandientem
1843 1067 1993 1107 designat

193 1127 319 1166 (cons.
347 1127 422 1157 Cor.
448 1128 522 1158 Sur.
552 1128 585 1168 2,
615 1129 678 1167 9.),
711 1130 761 1168 qui
787 1129 818 1158 in
844 1130 964 1169 proelio
994 1139 1031 1159 se
1058 1129 1185 1158 hostem
1212 1136 1287 1157 esse
1315 1127 1467 1165 ostendit,
1494 1132 1546 1157 aut
1576 1129 1704 1157 morbus
1732 1129 1825 1158 animi
1847 1129 1992 1169 aegritu-

193 1189 297 1219 dinem
324 1189 481 1219 etodium
504 1189 543 1218 ob
571 1190 785 1220 ulciscendum
814 1189 982 1231 designat,
1017 1192 1069 1230 qui
1096 1191 1225 1222 morbus
1250 1191 1390 1221 vindicta
1417 1197 1549 1230 peracta
1577 1197 1772 1223 removetur.
1826 1192 1880 1222 Nil
1910 1200 1992 1231 quo-

196 1261 258 1291 que
285 1251 359 1282 mihi
386 1252 516 1282 obstare
545 1252 690 1292 videtur,
717 1254 886 1292 quominus
911 1254 1041 1284 morbus
1069 1255 1171 1284 omnis
1197 1255 1227 1283 in
1255 1254 1381 1283 homine
1409 1253 1627 1293 significetur,
1664 1253 1714 1292 qui
1742 1262 1803 1293 ope
1830 1253 1992 1283 hastarum

193 1316 298 1346 occiso
329 1314 456 1344 homine
482 1320 613 1355 cessat,
649 1325 720 1345 nam
748 1320 823 1355 post
852 1321 984 1346 mortem
1013 1316 1141 1346 dolores
1168 1326 1229 1346 non
1257 1325 1351 1357 esse,
1387 1317 1592 1355 proverbium
1619 1315 1717 1353 dixit,
1759 1314 1863 1345 conf.
1891 1314 1989 1345 Meid.

192 1379 230 1409 C.
258 1378 318 1418 24,
346 1377 428 1407 581.

191 1477 221 1506 7.
244 1477 354 1506 Donec
375 1484 457 1512 ‚qens
481 1474 607 1512 Himjar
629 1477 661 1504 r'n
680 1476 795 1514 fuqam
817 1486 851 1504 se
876 1476 1078 1504 convertebat.
1122 1477 1169 1505 Et
1188 1477 1324 1514 sufflatus
1346 1475 1391 1503 ad
1411 1475 1512 1504 locum
1536 1485 1629 1504 suum
1651 1475 1797 1503 celeriter
1821 1476 1928 1505 tendit.

293 1544 354 1574 llic
381 1553 500 1573 versus
528 1553 598 1574 cum
625 1544 840 1584 praecedente
868 1545 1031 1577 cohaeret.
1085 1544 1224 1576 Gentem
1252 1545 1341 1574 Taim
1380 1554 1509 1583 semper
1546 1544 1584 1574 ad
1618 1553 1756 1584 pugnam
1791 1553 1989 1583 provocasse

189 1609 284 1647 dicit,
320 1607 420 1638 donec
443 1607 683 1646 Himjaritarum
717 1608 880 1637 exercitus
914 1607 1010 1648 fugae
1043 1617 1081 1638 se
1119 1607 1274 1637 dederint.
1328 1607 1543 1637 Posteriorem
1580 1611 1688 1636 autem
1721 1614 1838 1636 versus
1867 1612 1987 1645 partem

188 1682 249 1702 non
275 1671 383 1702 intime
411 1680 480 1700 cum
506 1670 722 1710 praecedente
750 1669 922 1700 cohaerere
948 1676 1048 1710 puto,
1086 1675 1121 1700 ut
1147 1670 1301 1709 particula
1328 1676 1401 1712 453>
1428 1673 1459 1700 in
1488 1671 1620 1700 verbum
1650 1671 1713 1700 vini
1742 1677 1902 1702 exerceat.
1953 1672 1988 1700 ln

189 1733 346 1764 Mersukii
371 1732 482 1763 codice
509 1736 616 1762 autem
641 1726 719 1770 ΜΕ
746 1732 874 1773 legitur.
917 1732 994 1761 Post
1014 1733 1135 1762 initium
1165 1732 1274 1773 fugae,
1301 1741 1382 1771 quae
1410 1733 1440 1762 in
1467 1734 1571 1772 priore
1600 1742 1715 1763 versus
1742 1738 1833 1772 parte
1860 1733 1987 1764 descri-

188 1797 293 1836 bitur,
333 1799 453 1825 statum
483 1797 729 1834 consequentem
759 1793 885 1824 indicat.
937 1794 1060 1824 Vocem
1087 1795 1128 1830 &5
1155 1794 1276 1833 origine
1305 1803 1419 1824 nomen
1447 1795 1580 1824 actionis
1609 1795 1758 1824 adiectis-i
1784 1796 1802 1825 i.
1832 1804 1858 1824 e.
1878 1796 1988 1835 'parti-

189 1856 262 1896 cipii
288 1855 413 1895 passivi
438 1855 706 1896 significationem
737 1855 930 1894 accepisse,
958 1854 1051 1884 modo
1079 1864 1142 1894 quo
1169 1855 1243 1884 voci
1267 1856 1296 1898 55
1324 1855 1475 1885 adiectivi
1503 1856 1697 1897 significatio
1726 1860 1790 1898 sit,
1817 1858 1877 1886 nisi
1903 1857 1986 1897 quod

191 1918 272 1948 haec
298 1916 495 1957 participium
519 1917 619 1948 activi
644 1917 775 1957 reserat,
801 1916 996 1946 scholiastes
1023 1915 1200 1946 adnotavit.
1242 1917 1283 1946 Et
1305 1917 1476 1958 singularis
1504 1923 1536 1947 et
1565 1918 1693 1957 pluralis
1719 1920 1984 1961 significationem

188 1989 301 2010 vocem
329 1977 449 2009 habere
477 1978 565 2008 dixit.
618 1978 695 2008 Vox
722 1980 808 2022 taquam
835 1979 1026 2018 explicando
1058 1980 1158 2008 verbo
1193 1991 1282 2020 604²!
1319 1990 1412 2019 quum
1449 1981 1625 2021 inserviat,
1662 1988 1736 2021 post
1771 1982 1846 2012 illud
1883 1983 1985 2013 locum

188 2042 333 2082 haberet,
361 2041 421 2070 nisi
450 2045 580 2070 metrum
608 2045 811 2081 repugnaret.
839 2041 931 2071 Voce
957 2052 1046 2082 252&
1065 2051 1144 2071 usus
1172 2042 1298 2072 videtur
1326 2048 1434 2084 poeta,
1463 2048 1497 2073 ut
1524 2044 1635 2084 sugam
1661 2045 1796 2076 celerem
1824 2055 1861 2076 ac
1887 2056 1983 2086 prae-

189 2106 351 2146 cipitatam
381 2103 484 2134 fuisse
510 2103 604 2134 dicat.
655 2104 690 2133 In
716 2103 854 2133 'l'ebrisii
885 2103 995 2134 codice
1026 2104 1100 2134 voci
1129 2114 1217 2147 52⁴>
1245 2113 1310 2134 vox
1336 2104 1432 2143 m,
1460 2111 1494 2135 ut
1523 2106 1602 2137 alter
1628 2107 1754 2148 legendi
1782 2108 1896 2138 modus
1921 2111 1983 2148 sit,

187 2167 413 2208 superscripta
439 2171 501 2197 est.

185 2260 219 2295 8.
242 2264 287 2294 ΕΙ
305 2265 381 2302 quot
401 2262 444 2290 ibi
464 2263 612 2290 strenuos
634 2260 829 2300 reliquimus,
855 2271 986 2300 quorum
1010 2271 1128 2290 comum
1150 2265 1263 2291 renim·
1283 2262 1414 2300 pulvere
1436 2264 1549 2301 implet.

284 2331 445 2362 Prolixam
473 2339 596 2360 comam
622 2329 749 2360 Arabes
776 2329 937 2370 pulchram
963 2330 1116 2370 putabant
1143 2331 1250 2361 llam.
1279 2331 1336 2360 tw*
1363 2341 1434 2372 sup.
1463 2334 1516 2364 rai
1545 2334 1563 2362 l.
1587 2334 1640 2364 14.
1694 2334 1736 2364 Et
1762 2342 1884 2364 comam
1909 2343 1981 2364 am-

185 2394 288 2435 putari
314 2393 475 2424 Arabibus
503 2391 656 2422 dedecori
681 2391 857 2423 habebatur
884 2391 992 2423 conf.
1018 2392 1164 2422 Mersuk.
1191 2391 1231 2423 ad
1257 2393 1352 2427 Ham.
1379 2394 1427 2424 l'¹ol
1449 2403 1481 2425 v.
1499 2395 1528 2424 1.
1560 2393 1809 2424 Mohainmedem
1836 2394 1979 2433 aliosque

205 2513 236 2541 1)
254 2511 452 2537 ueniseiehium
469 2517 564 2534 versus
583 2509 658 2533 metri
676 2509 848 2540 &localitatem
865 2510 910 2540 qui
928 2513 1023 2541 poetae
1039 2511 1177 2536 Alaliseha
1194 2511 1332 2542 tribuitur,
1350 2514 1400 2535 est.
1435 2511 1481 2535 Sic
1498 2510 1571 2541 prius
1589 2514 1669 2534 sonat
1680 2517 1686 2534 :
1698 2509 1856 2550 ιλῷυρ
1867 2501 1979 2548 ῳῶρρῐ

251 2563 364 2611 ὸρλᾶἳ
393 2572 429 2596 Ei
449 2572 540 2602 dico,
558 2578 655 2602 quum
675 2571 744 2594 iter
761 2569 915 2601 diligens
931 2575 991 2595 est.
1026 2572 1110 2595 Poeta
1127 2571 1256 2595 camelam
1275 2569 1378 2600 alloqui
1398 2569 1510 2593 videtur.
