2247 2865
949 96 1220 128 -263—

996 191 1182 226 xcnl.

702 258 1047 294 Abu-nanum!
1068 257 1299 301 'thanim
1322 257 1460 293 dixit.

288 333 415 364 Nomen
440 331 533 371 Qui>
567 329 761 362 adiectivum
800 331 1053 370 quadrilitterum
1081 332 1208 371 proprie
1236 332 1407 361 brevem
1435 329 1596 371 designat.
1641 330 1711 360 Abu
1728 347 1744 353 -
1762 331 1885 364 llilalus
1921 334 1981 364 viri

189 404 304 427 nomen
330 394 476 436 Djarijah
502 394 531 424 b.
555 394 645 424 Μαι-ι·
673 393 841 424 'l'soahlita
868 393 971 424 fuisse
997 394 1085 424 dixit.
1115 395 1173 425 Vir
1191 393 1448 432 :imru-rmum,
1477 393 1515 424 ud
1531 394 1634 433 ipsum
1650 393 1843 433 devertenti‚
1870 401 1981 428 contre

188 458 298 490 uxoris
323 458 522 489 voluntatem
548 457 644 488 fidem
671 460 831 496 servavit,
860 463 893 488 ut
922 458 992 487 eius
1009 457 1090 487 fides
1113 458 1142 488 iu
1158 457 1359 497 proverbium
1375 459 1502 486 veniret
1519 456 1623 495 (conf.
1643 456 1744 486 Meid.
1763 456 1800 487 C.
1818 457 1875 487 26.
1892 458 1980 497 97.)

187 519 256 552 Res
277 525 383 552 autem
399 521 584 561 proverbio,
611 521 695 561 quod
708 520 807 551 Meid.
824 521 860 552 C.
877 521 934 559 27,
950 520 1002 559 7.)
1030 520 1209 551 adnotatum
1227 525 1290 559 est,
1319 529 1427 550 ansam
1443 519 1527 550 dedit
1552 529 1596 549 co
1608 519 1657 548 ns.
1673 519 1767 549 nam.
1783 528 1813 559 p.
1831 518 1874 549 ΗῺΛ
1889 519 1909 550 1.
1926 520 1980 551 17.

186 606 215 637 Ι.
237 604 408 643 Profecto!
427 604 579 644 Saffarus
599 607 633 635 in
649 607 802 645 forlumre
823 616 911 638 casu,
937 605 1056 634 lanceis
1077 605 1215 634 hostium
1236 606 1319 633 inter
1343 613 1378 633 se
1400 604 1604 639 certantibus,
1629 614 1677 633 me
1696 604 1850 642 probarit.

283 673 514 706 Fortitudinem
540 684 632 706 suam
659 675 690 706 in
729 675 811 706 bello
851 675 960 705 laudat
997 680 1029 705 et
1058 674 1150 705 huius
1178 674 1223 704 rei
1249 678 1368 704 testem
1394 673 1557 712 Sajjarum
1585 672 1723 704 adducit.
1766 674 1825 704 Vir
1853 674 1979 705 nomino

186 735 294 776 Sajjar
318 736 382 767 No.
411 737 458 768 29
486 740 633 768 occurrit.
662 737 810 779 Pugnam
837 743 944 768 autem
973 739 1152 768 lancearum
1181 735 1371 766 discordiam
1401 735 1589 776 appellavit,
1617 736 1765 774 quoniam
1785 744 1847 765 non
1869 735 1980 766 eodem

184 797 255 830 loco
285 798 506 830 confodientes
533 799 617 830 haud
643 798 838 830 concordare
864 799 1025 831 videntur.
1056 799 1133 829 Non
1159 804 1267 829 autem
1295 802 1393 828 totam
1421 796 1562 827 lanceam
1590 797 1786 836 appellavit3
1824 796 1884 826 sed
1909 806 1979 827 eam

185 865 305 891 tantum
333 865 470 901 partem,
511 870 593 901 quae
620 873 668 914 3)-
695 860 885 901 appellatur.
912 860 1064 892 Scholion
1091 864 1197 891 autem
1225 859 1319 900 dicit,
1357 863 1481 899 partem
1508 867 1565 899 pro
1593 864 1661 888 tota
1687 868 1722 888 re
1750 858 1864 888 dictam
1892 868 1980 899 esse,

183 922 274 952 utin
296 923 359 953 hoc
377 927 494 963 poet-ee
511 923 735 956 hemistichio:
761 919 1017 967 (metr.Camel)
1043 922 1258 953 Solearum
1289 921 1593 952 anterioribus
1620 921 1819 960 partibus
1846 921 1979 951 solum

185 985 504 1026 concultantes,
541 985 656 1024 quippe
683 990 752 1016 tota
780 986 871 1016 solea
898 985 1001 1015 solum
1029 985 1243 1016 conculcetur.
1283 984 1360 1014 Vox
1387 996 1435 1036 Ξ)-
1464 983 1603 1013 maxime
1632 983 1815 1013 inferiorem
1849 983 1981 1013 lanceae

184 1046 347 1086 cuspidem
373 1046 523 1088 ferream,
551 1056 632 1086 quae
660 1047 771 1078 lancea
797 1051 907 1078 erecta
932 1048 961 1076 in
989 1051 1072 1077 terra
1092 1048 1231 1088 ponitur,
1258 1047 1430 1088 designa13
1458 1055 1539 1085 quae
1568 1050 1675 1076 autem
1694 1054 1760 1074 vox
1781 1054 1875 1084 quum
1895 1048 1980 1075 teste

182 1108 317 1139 Kamusi
343 1114 474 1139 auctore
504 1109 669 1148 cuspidem
695 1110 837 1151 sagittae
863 1110 1043 1150 significet,
1080 1119 1143 1139 non
1179 1108 1307 1146 dubito,
1341 1109 1414 1148 quin
1442 1107 1502 1138 hoc
1529 1107 1559 1136 in
1586 1116 1685 1137 versu
1714 1107 1845 1137 lanceae
1871 1106 1978 1146 cuspis

182 1171 330 1212 superior
354 1171 562 1213 intelligenda
588 1172 639 1203 sit.

183 1257 215 1285 2.
241 1256 292 1285 Ita
315 1259 352 1285 ut
371 1259 407 1286 in
428 1257 599 1286 reddendis
621 1259 662 1286 iis
685 1253 861 1297 (camelis)
882 1259 1051 1295 promissis
1073 1259 1198 1286 omnino
1219 1260 1346 1291 starem,
1372 1257 1485 1292 niqris,
1506 1254 1602 1291 pedes
1626 1255 1811 1281 coniunctos
1833 1251 1978 1280 habenti-

515 1310 583 1346 bus,
605 1311 674 1348 pici
692 1310 848 1339 eirnilibus
870 1308 1029 1349 (colore),
1056 1314 1110 1340 cui
1130 1313 1243 1340 ilerum
1262 1312 1323 1347 pise
1344 1308 1574 1345 superinducta
1597 1311 1653 1336 est.

283 1376 377 1418 Rem,
404 1378 435 1408 in
461 1387 524 1418 qua
548 1378 744 1418 perficienda
770 1378 985 1409 fortitudinem
1011 1379 1208 1420 probaverit,
1235 1378 1362 1408 indIcat.
1389 1377 1529 1416 Sajjaro,
1557 1377 1606 1406 cui
1631 1376 1743 1406 cameli
1765 1375 1803 1404 ab
1830 1373 1975 1404 hostibus

184 1433 256 1478 [p.
278 1433 406 1479 148.)
423 1442 523 1481 erepti
538 1447 663 1480 essent,
690 1450 727 1472 se
755 1443 785 1472 ei
812 1447 868 1472 aut
895 1444 985 1483 ipsos
1015 1448 1070 1473 aut
1098 1451 1194 1482 pares
1222 1440 1417 1471 redditurum
1443 1448 1530 1479 esse,
1566 1440 1768 1477 promiserat.
1797 1436 1880 1465 Huic
1899 1443 1977 1475 pro-

182 1503 284 1533 misso
309 1503 434 1533 omnino
460 1512 496 1534 se
521 1503 725 1535 satisfecisse
753 1504 829 1536 dicit
856 1505 996 1536 camelos
1024 1505 1095 1535 illos
1131 1507 1224 1535 etiam
1252 1502 1448 1532 describens.
1494 1500 1628 1530 Primum
1663 1499 1774 1539 nigros
1809 1497 1884 1528 [⁴90
1920 1505 1977 1526 eos

183 1565 286 1595 fuisse
313 1565 400 1598 dicit.
428 1565 506 1596 Vox
536 1569 610 1610 βό,
638 1567 768 1606 pluralis
807 1569 898 1597 vocis
935 1567 1007 1611 &ml
1046 1576 1118 1597 cum
1156 1565 1302 1595 feminino
1329 1562 1447 1602 cmo,
1486 1562 1655 1592 adiectix·is
1686 1561 1818 1590 huiusce
1844 1560 1976 1600 formae,

183 1636 267 1667 quae
293 1627 432 1658 colorem
450 1627 634 1669 designant,
662 1629 811 1670 usitatus,
839 1629 878 1659 ad
909 1631 1062 1659 omissum
1091 1638 1206 1659 nomen
1230 1627 1281 1666 &ql
1310 1627 1497 1666 (cameli)
1526 1625 1694 1656 reserenda
1722 1630 1783 1654 est.
1813 1625 1846 1653 In
1866 1624 1972 1662 rebus,

181 1699 314 1729 quarum
341 1690 428 1720 color
454 1699 517 1720 uon
542 1691 692 1721 intentior
728 1696 799 1733 est,
835 1695 900 1721 tum
938 1692 968 1721 in
1003 1692 1094 1731 equis
1130 1697 1162 1722 et
1200 1690 1332 1721 camelis
1361 1686 1460 1732 (conf.
1488 1689 1593 1719 Harir.
1629 1698 1658 1727 p,
1693 1689 1775 1725 ww,
1815 1687 1844 1715 in
1882 1691 1976 1716 nocte

181 1751 227 1781 ib.
252 1751 295 1781 1²⁸⁸!
322 1751 438 1791 schol„
464 1752 495 1782 in
522 1752 585 1782 olla
611 1753 722 1785 Ham.
751 1754 809 1793 vl‘l)
837 1753 1014 1783 adhibetur.
1044 1754 1111 1783 Eos
1126 1763 1255 1794 quoque
1271 1752 1406 1792 pedibus
1426 1753 1553 1781 vinctos
1571 1750 1673 1779 fuisse
1691 1748 1842 1778 describit
1869 1747 1974 1788 signi-

181 1813 350 1855 ficaturus,
375 1823 414 1845 se
441 1824 500 1845 eos
527 1823 651 1846 summa
676 1825 748 1846 cum
774 1816 964 1853 securitate,
993 1815 1106 1845 hostes
1131 1825 1193 1845 non
1221 1815 1400 1855 fugientem
1415 1813 1598 1852 reduxisse,
1626 1820 1686 1850 qua
1715 1811 1744 1839 in
1768 1819 1800 1840 re
1828 1809 1973 1839 indicium

181 1880 215 1906 et
240 1875 433 1906 fortitudinis
460 1881 494 1907 et
519 1877 683 1916 potentiae
712 1878 861 1918 cernitur,
890 1882 925 1908 ut
952 1887 1044 1908 nemo
1073 1887 1146 1907 eum
1173 1876 1323 1916 persequi
1352 1874 1497 1905 auderet.
1540 1873 1633 1911 Quod
1661 1873 1687 1902 si
1715 1874 1787 1902 voci
1808 1873 1843 1916 )·3
1871 1871 1975 1910 picis

181 1937 376 1979 significatio
392 1938 551 1980 tribuitur,
564 1939 674 1970 verbis
688 1939 758 1970 istis
770 1948 883 1970 vocem
900 1936 977 1970 ωδ
997 1945 1092 1979 poeta
1108 1938 1288 1969 accuratius
1307 1936 1428 1966 definit.
1457 1936 1551 1976 Nigri
1576 1935 1689 1965 cameli
1712 1934 1785 1964 boni
1801 1939 1889 1974 sunt,
1912 1941 1974 1974 quo

182 2004 290 2030 autem
317 1999 405 2029 oolor
429 2008 538 2030 eorum
564 2000 715 2031 intentior
744 2007 808 2043 est,
836 2011 875 2032 eo
893 2003 1042 2032 meliores
1068 1998 1180 2030 cameli
1201 1998 1357 2027 habentur
1380 1996 1507 2035 (conf.
1527 1996 1621 2029 Ham,
1636 2006 1665 2035 p.
1681 1996 1737 2025 76.
1753 2005 1841 2024 vers.
1854 1995 1973 2034 nostr.)

182 2062 281 2092 Tales
307 2061 427 2103 cameli,
456 2064 488 2093 ni
514 2061 618 2104 fallor,
644 2073 663 2093 e
691 2063 881 2095 Chorasana
907 2063 1153 2095 adducebantur.
1184 2061 1415 2091 Verumtamen
1444 2069 1537 2100 quum
1563 2068 1629 2088 vox
1657 2062 1721 2104 ΓΦ..)
1747 2057 1886 2088 camelos
1914 2058 1972 2087 de-

181 2124 307 2164 signet,
334 2132 467 2164 quorum
494 2125 583 2156 color
608 2130 721 2156 natura
746 2127 896 2157 intentior
922 2136 984 2156 non
1011 2126 1074 2163 sit,
1112 2124 1241 2161 nescio,
1280 2132 1352 2152 num
1379 2122 1460 2162 picis
1486 2121 1702 2162 comparatio,
1744 2130 1804 2160 qua
1835 2119 1971 2149 colorem

181 2194 289 2216 eorum
312 2185 491 2216 intentioris
516 2187 692 2229 nigredinis
721 2188 823 2220 fuisse
850 2189 1013 2229 probaret,
1041 2187 1165 2217 omnino
1193 2188 1266 2224 apta
1293 2185 1345 2214 sit.
1373 2184 1492 2213 Melius
1520 2184 1595 2224 (by-1
1622 2181 1780 2220 dixisset,
1819 2181 1867 2210 cui
1900 2179 1972 2209 voci

181 2247 362 2289 generalior
387 2247 562 2289 nigredinis
588 2249 782 2290 significatio
810 2255 869 2280 est.
897 2251 1019 2280 Vocem
1042 2247 1117 2291 ¹⁵5³)
1145 2247 1301 2286 duplicem
1329 2254 1459 2275 sensum
1489 2244 1604 2274 offerre
1632 2253 1751 2283 posse,
1778 2241 1970 2271 scholiastes

181 2307 347 2338 adnotavit
370 2314 426 2340 aut
451 2310 556 2349 picem
582 2319 682 2350 super
710 2312 814 2351 picem
842 2312 948 2342 illitam
977 2320 1065 2351 esse,
1094 2314 1127 2340 ut
1153 2309 1344 2339 camelorum
1372 2307 1506 2349 nigredo
1533 2316 1659 2337 summa
1684 2304 1779 2335 fuerit
1798 2307 1849 2333 aut
1867 2303 1970 2342 picem

181 2371 270 2410 sequi
294 2371 399 2411 picem
426 2371 447 2403 i.
472 2381 501 2405 e.
529 2372 670 2402 camelos
697 2373 831 2412 primum
865 2375 1035 2404 venientes
1073 2378 1106 2403 et
1144 2372 1204 2401 hos
1240 2376 1414 2410 sequentes
1443 2371 1462 2400 i.
1491 2381 1518 2401 e.
1547 2379 1657 2400 omnes
1686 2369 1791 2399 colore
1818 2375 1878 2396 suo
1906 2366 1968 2405 pici

180 2431 301 2463 similes
327 2432 441 2464 fuisse.
468 2434 552 2464 Sunt
578 2436 682 2473 etiam,
709 2435 763 2475 qui
789 2444 899 2465 vocem
918 2432 956 2481 ss
975 2434 1127 2475 pluralem
1154 2433 1248 2463 vocis
1275 2435 1331 2479 δτῷ,
1359 2434 1410 2463 cui
1438 2432 1632 2474 significatio
1661 2429 1886 2460 monticuli
1914 2430 1968 2469 sit,

179 2494 328 2536 tribuant,
355 2500 390 2526 ut
419 2496 610 2526 camelorum
637 2495 820 2537 magnitudo
838 2496 1046 2528 describatur.
1072 2497 1176 2526 'rania
1196 2495 1410 2537 magnitudine
1430 2499 1529 2534 erant,
1556 2500 1589 2524 ut
1608 2493 1777 2537 redeuutes
1794 2492 1967 2533 montibus,

183 2555 256 2588 dum
282 2566 365 2588 unus
393 2563 468 2599 post
496 2559 631 2588 alterum
657 2558 861 2600 adveniebat,
887 2556 1006 2589 similes
1035 2563 1157 2589 essent.
