<?xml version="1.0" encoding="UTF-8"?>
<!DOCTYPE html PUBLIC "-//W3C//DTD XHTML 1.0 Transitional//EN"
    "http://www.w3.org/TR/xhtml1/DTD/xhtml1-transitional.dtd">
<html xmlns="http://www.w3.org/1999/xhtml" xml:lang="en" lang="en">
 <head>
  <title>
</title>
<meta http-equiv="Content-Type" content="text/html;charset=utf-8" />
  <meta name='ocr-system' content='tesseract 3.04.00' />
  <meta name='ocr-capabilities' content='ocr_page ocr_carea ocr_par ocr_line ocrx_word'/>
</head>
<body>
  <div class='ocr_page' id='page_1' title='image "./p1hamassaecarmin02abbiuoft_0323.png"; bbox 0 0 2247 2865; ppageno 0'>
   <div class='ocr_carea' id='block_1_1' title="bbox 968 59 1234 90">
    <p class='ocr_par' dir='ltr' id='par_1_1' title="bbox 968 59 1234 90">
     <span class='ocr_line' id='line_1_1' title="bbox 968 59 1234 90; baseline -0.004 0"><span class='ocrx_word' id='word_1_1' title='bbox 968 59 1234 90; x_wconf 76' lang='lat'>-287—</span> 
     </span>
    </p>
   </div>
   <div class='ocr_carea' id='block_1_2' title="bbox 206 154 1983 241">
    <p class='ocr_par' dir='ltr' id='par_1_2' title="bbox 206 154 1983 241">
     <span class='ocr_line' id='line_1_2' title="bbox 206 154 1983 203; baseline -0.002 -15"><span class='ocrx_word' id='word_1_2' title='bbox 206 166 241 196; x_wconf 75' lang='grc'>3,</span> <span class='ocrx_word' id='word_1_3' title='bbox 267 166 328 197; x_wconf 64' lang='lat'>050</span> <span class='ocrx_word' id='word_1_4' title='bbox 355 173 485 203; x_wconf 53' lang='lat' dir='ltr'>&#39;pu-qnae</span> <span class='ocrx_word' id='word_1_5' title='bbox 513 157 717 203; x_wconf 66' lang='lat' dir='ltr'>(hostibus)</span> <span class='ocrx_word' id='word_1_6' title='bbox 745 168 803 189; x_wconf 74' lang='lat' dir='ltr'>nos</span> <span class='ocrx_word' id='word_1_7' title='bbox 834 166 899 188; x_wconf 79' lang='lat' dir='ltr'>non</span> <span class='ocrx_word' id='word_1_8' title='bbox 928 156 1130 187; x_wconf 77' lang='lat' dir='ltr'>tradiderunt</span> <span class='ocrx_word' id='word_1_9' title='bbox 1158 158 1191 184; x_wconf 88' lang='lat' dir='ltr'>et</span> <span class='ocrx_word' id='word_1_10' title='bbox 1219 164 1278 183; x_wconf 78' lang='lat' dir='ltr'>nos</span> <span class='ocrx_word' id='word_1_11' title='bbox 1308 156 1341 182; x_wconf 81' lang='lat' dir='ltr'>in</span> <span class='ocrx_word' id='word_1_12' title='bbox 1370 154 1510 183; x_wconf 75' lang='lat' dir='ltr'>vindicta</span> <span class='ocrx_word' id='word_1_13' title='bbox 1542 155 1695 183; x_wconf 79' lang='lat' dir='ltr'>sumenda</span> <span class='ocrx_word' id='word_1_14' title='bbox 1719 154 1891 192; x_wconf 70' lang='lat' dir='ltr'>palpebras</span> <span class='ocrx_word' id='word_1_15' title='bbox 1920 164 1983 184; x_wconf 82' lang='lat' dir='ltr'>non</span> 
     </span>
     <span class='ocr_line' id='line_1_3' title="bbox 974 211 1209 241; baseline -0.013 0"><span class='ocrx_word' id='word_1_16' title='bbox 974 211 1209 241; x_wconf 73' lang='lat' dir='ltr'>contra-vimus.</span> 
     </span>
    </p>
   </div>
   <div class='ocr_carea' id='block_1_3' title="bbox 207 285 2005 641">
    <p class='ocr_par' dir='ltr' id='par_1_3' title="bbox 207 285 2005 641">
     <span class='ocr_line' id='line_1_4' title="bbox 306 285 2004 336; baseline -0.006 -9"><span class='ocrx_word' id='word_1_17' title='bbox 306 294 426 336; x_wconf 71' lang='lat' dir='ltr'>madii,</span> <span class='ocrx_word' id='word_1_18' title='bbox 452 294 639 334; x_wconf 72' lang='lat' dir='ltr'>quibuscum</span> <span class='ocrx_word' id='word_1_19' title='bbox 668 289 782 322; x_wconf 78' lang='lat' dir='ltr'>foedus</span> <span class='ocrx_word' id='word_1_20' title='bbox 809 289 1013 331; x_wconf 81' lang='lat' dir='ltr'>pepigerant,</span> <span class='ocrx_word' id='word_1_21' title='bbox 1040 288 1129 328; x_wconf 88' lang='lat' dir='ltr'>ipsos</span> <span class='ocrx_word' id='word_1_22' title='bbox 1159 296 1221 317; x_wconf 89' lang='lat' dir='ltr'>non</span> <span class='ocrx_word' id='word_1_23' title='bbox 1249 287 1470 317; x_wconf 83' lang='lat' dir='ltr'>deseruerant.</span> <span class='ocrx_word' id='word_1_24' title='bbox 1524 285 1659 318; x_wconf 78' lang='lat' dir='ltr'>Gladios</span> <span class='ocrx_word' id='word_1_25' title='bbox 1679 291 1827 326; x_wconf 83' lang='lat' dir='ltr'>tanquam</span> <span class='ocrx_word' id='word_1_26' title='bbox 1846 296 2004 327; x_wconf 83' lang='lat' dir='ltr'><strong>personas</strong></span> 
     </span>
     <span class='ocr_line' id='line_1_5' title="bbox 207 348 2004 400; baseline -0.006 -10"><span class='ocrx_word' id='word_1_27' title='bbox 207 360 240 390; x_wconf 90' lang='lat' dir='ltr'>in</span> <span class='ocrx_word' id='word_1_28' title='bbox 263 368 366 390; x_wconf 86' lang='lat' dir='ltr'>versu</span> <span class='ocrx_word' id='word_1_29' title='bbox 394 357 482 400; x_wconf 79' lang='lat' dir='ltr'>genti</span> <span class='ocrx_word' id='word_1_30' title='bbox 507 355 668 397; x_wconf 84' lang='lat' dir='ltr'>opposuit.</span> <span class='ocrx_word' id='word_1_31' title='bbox 720 353 764 384; x_wconf 87' lang='lat' dir='ltr'>Ut</span> <span class='ocrx_word' id='word_1_32' title='bbox 791 353 834 384; x_wconf 92' lang='lat' dir='ltr'>illi</span> <span class='ocrx_word' id='word_1_33' title='bbox 860 356 1006 393; x_wconf 86' lang='lat' dir='ltr'>tanquam</span> <span class='ocrx_word' id='word_1_34' title='bbox 1033 351 1107 382; x_wconf 89' lang='lat' dir='ltr'>boui</span> <span class='ocrx_word' id='word_1_35' title='bbox 1133 349 1214 381; x_wconf 83' lang='lat' dir='ltr'>socii</span> <span class='ocrx_word' id='word_1_36' title='bbox 1240 348 1392 388; x_wconf 87' lang='lat' dir='ltr'>optimum</span> <span class='ocrx_word' id='word_1_37' title='bbox 1412 348 1563 378; x_wconf 85' lang='lat' dir='ltr'>auxilium</span> <span class='ocrx_word' id='word_1_38' title='bbox 1578 349 1818 388; x_wconf 76' lang='lat' dir='ltr'>praestiterant,</span> <span class='ocrx_word' id='word_1_39' title='bbox 1847 350 1895 380; x_wconf 84' lang='lat' dir='ltr'>sic</span> <span class='ocrx_word' id='word_1_40' title='bbox 1922 358 2004 391; x_wconf 79' lang='lat' dir='ltr'>gens</span> 
     </span>
     <span class='ocr_line' id='line_1_6' title="bbox 209 410 2005 454; baseline -0.005 -2"><span class='ocrx_word' id='word_1_41' title='bbox 209 421 315 454; x_wconf 80' lang='lat' dir='ltr'>officio</span> <span class='ocrx_word' id='word_1_42' title='bbox 348 423 380 452; x_wconf 86' lang='lat' dir='ltr'>in</span> <span class='ocrx_word' id='word_1_43' title='bbox 416 417 599 451; x_wconf 89' lang='lat' dir='ltr'>ulciscendo</span> <span class='ocrx_word' id='word_1_44' title='bbox 631 425 695 447; x_wconf 88' lang='lat' dir='ltr'>non</span> <span class='ocrx_word' id='word_1_45' title='bbox 730 415 887 447; x_wconf 82' lang='lat' dir='ltr'>defuerat.</span> <span class='ocrx_word' id='word_1_46' title='bbox 938 414 1115 454; x_wconf 79' lang='lat' dir='ltr'><strong>Palpebras</strong></span> <span class='ocrx_word' id='word_1_47' title='bbox 1143 418 1249 443; x_wconf 86' lang='lat' dir='ltr'>autem</span> <span class='ocrx_word' id='word_1_48' title='bbox 1279 410 1516 450; x_wconf 78' lang='lat' dir='ltr'>contrahimus,</span> <span class='ocrx_word' id='word_1_49' title='bbox 1559 415 1593 440; x_wconf 88' lang='lat' dir='ltr'>ut</span> <span class='ocrx_word' id='word_1_50' title='bbox 1629 421 1694 442; x_wconf 83' lang='lat' dir='ltr'>rem</span> <span class='ocrx_word' id='word_1_51' title='bbox 1729 420 1791 441; x_wconf 88' lang='lat' dir='ltr'>non</span> <span class='ocrx_word' id='word_1_52' title='bbox 1825 411 2005 444; x_wconf 83' lang='lat' dir='ltr'>videamus.</span> 
     </span>
     <span class='ocr_line' id='line_1_7' title="bbox 208 471 2005 535; baseline -0.007 -20"><span class='ocrx_word' id='word_1_53' title='bbox 208 483 271 523; x_wconf 84' lang='lat' dir='ltr'>Qui</span> <span class='ocrx_word' id='word_1_54' title='bbox 296 483 392 525; x_wconf 85' lang='lat' dir='ltr'>igitur</span> <span class='ocrx_word' id='word_1_55' title='bbox 416 481 587 535; x_wconf 58' lang='lat' dir='ltr'>vindictam</span> <span class='ocrx_word' id='word_1_56' title='bbox 614 478 802 510; x_wconf 87' lang='lat' dir='ltr'>sumendam</span> <span class='ocrx_word' id='word_1_57' title='bbox 831 487 894 508; x_wconf 88' lang='lat' dir='ltr'>non</span> <span class='ocrx_word' id='word_1_58' title='bbox 921 476 1032 518; x_wconf 82' lang='lat' dir='ltr'>videt,</span> <span class='ocrx_word' id='word_1_59' title='bbox 1066 476 1094 506; x_wconf 92' lang='lat' dir='ltr'>is</span> <span class='ocrx_word' id='word_1_60' title='bbox 1131 484 1201 504; x_wconf 85' lang='lat' dir='ltr'>eam</span> <span class='ocrx_word' id='word_1_61' title='bbox 1231 472 1375 514; x_wconf 78' lang='lat' dir='ltr'>negligit.</span> <span class='ocrx_word' id='word_1_62' title='bbox 1429 472 1478 502; x_wconf 88' lang='lat' dir='ltr'>De</span> <span class='ocrx_word' id='word_1_63' title='bbox 1505 472 1605 502; x_wconf 87' lang='lat' dir='ltr'>verbo</span> <span class='ocrx_word' id='word_1_64' title='bbox 1632 471 1732 519; x_wconf 49' lang='lat' dir='ltr'>&amp;mizi</span> <span class='ocrx_word' id='word_1_65' title='bbox 1768 472 1871 504; x_wconf 71' lang='lat' dir='ltr'>conf.</span> <span class='ocrx_word' id='word_1_66' title='bbox 1899 473 2005 503; x_wconf 81' lang='lat' dir='ltr'>llarir.</span> 
     </span>
     <span class='ocr_line' id='line_1_8' title="bbox 207 544 380 576; baseline -0.017 0"><span class='ocrx_word' id='word_1_67' title='bbox 207 544 257 576; x_wconf 59' lang='grc' dir='ltr'>ἢν</span> <span class='ocrx_word' id='word_1_68' title='bbox 281 544 380 576; x_wconf 84' lang='lat' dir='ltr'>schol.</span> 
     </span>
     <span class='ocr_line' id='line_1_9' title="bbox 1061 607 1158 641; baseline -0.021 0"><span class='ocrx_word' id='word_1_69' title='bbox 1061 607 1158 641; x_wconf 68' lang='lat' dir='ltr'>CX.</span> 
     </span>
    </p>
   </div>
   <div class='ocr_carea' id='block_1_4' title="bbox 561 670 1640 715">
    <p class='ocr_par' dir='ltr' id='par_1_4' title="bbox 561 670 1640 715">
     <span class='ocr_line' id='line_1_10' title="bbox 561 670 1640 715; baseline -0.01 -4"><span class='ocrx_word' id='word_1_70' title='bbox 561 676 702 712; x_wconf 73' lang='lat' dir='ltr'>luxit</span> <span class='ocrx_word' id='word_1_71' title='bbox 723 674 1026 710; x_wconf 73' lang='lat' dir='ltr'>Abu-zachi-</span> <span class='ocrx_word' id='word_1_72' title='bbox 1048 670 1333 708; x_wconf 64' lang='lat' dir='ltr'>lffoelsailtta</span> <span class='ocrx_word' id='word_1_73' title='bbox 1356 673 1480 711; x_wconf 83' lang='lat' dir='ltr'>(conf.</span> <span class='ocrx_word' id='word_1_74' title='bbox 1505 683 1532 712; x_wconf 81' lang='lat' dir='ltr'>p.</span> <span class='ocrx_word' id='word_1_75' title='bbox 1557 675 1640 715; x_wconf 57' lang='lat' dir='ltr'><strong>off).</strong></span> 
     </span>
    </p>
   </div>
   <div class='ocr_carea' id='block_1_5' title="bbox 203 747 1779 792">
    <p class='ocr_par' dir='ltr' id='par_1_5' title="bbox 203 747 1779 792">
     <span class='ocr_line' id='line_1_11' title="bbox 203 747 1779 792; baseline -0.007 -4"><span class='ocrx_word' id='word_1_76' title='bbox 203 759 235 789; x_wconf 88' lang='lat'>1.</span> <span class='ocrx_word' id='word_1_77' title='bbox 257 756 494 788; x_wconf 69' lang='lat' dir='ltr'>Fodkailalmm</span> <span class='ocrx_word' id='word_1_78' title='bbox 516 754 752 786; x_wconf 72' lang='lat' dir='ltr'>Koraiscliitam</span> <span class='ocrx_word' id='word_1_79' title='bbox 774 753 844 789; x_wconf 68' lang='lat' dir='ltr'>cidi,</span> <span class='ocrx_word' id='word_1_80' title='bbox 871 761 967 792; x_wconf 80' lang='lat' dir='ltr'>quum</span> <span class='ocrx_word' id='word_1_81' title='bbox 986 754 1116 791; x_wconf 77' lang='lat' dir='ltr'>equites,</span> <span class='ocrx_word' id='word_1_82' title='bbox 1142 752 1199 790; x_wconf 85' lang='lat' dir='ltr'>qui</span> <span class='ocrx_word' id='word_1_83' title='bbox 1218 750 1321 778; x_wconf 74' lang='lat' dir='ltr'>hastis</span> <span class='ocrx_word' id='word_1_84' title='bbox 1343 747 1597 783; x_wconf 74' lang='lat' dir='ltr'><em>vulnerarentur,</em></span> <span class='ocrx_word' id='word_1_85' title='bbox 1624 749 1779 777; x_wconf 73' lang='lat' dir='ltr'>vidissem.</span> 
     </span>
    </p>
   </div>
   <div class='ocr_carea' id='block_1_6' title="bbox 305 815 2006 867">
    <p class='ocr_par' dir='ltr' id='par_1_6' title="bbox 305 815 2006 867">
     <span class='ocr_line' id='line_1_12' title="bbox 305 815 2006 867; baseline -0.006 -10"><span class='ocrx_word' id='word_1_86' title='bbox 305 827 339 856; x_wconf 89' lang='lat' dir='ltr'>In</span> <span class='ocrx_word' id='word_1_87' title='bbox 365 826 428 856; x_wconf 85' lang='lat' dir='ltr'>hoc</span> <span class='ocrx_word' id='word_1_88' title='bbox 452 834 572 867; x_wconf 79' lang='lat' dir='ltr'>versu,</span> <span class='ocrx_word' id='word_1_89' title='bbox 609 825 638 854; x_wconf 91' lang='lat' dir='ltr'>si</span> <span class='ocrx_word' id='word_1_90' title='bbox 665 823 718 854; x_wconf 88' lang='lat' dir='ltr'>hic</span> <span class='ocrx_word' id='word_1_91' title='bbox 748 821 898 853; x_wconf 88' lang='lat' dir='ltr'>vertendi</span> <span class='ocrx_word' id='word_1_92' title='bbox 931 821 1045 852; x_wconf 88' lang='lat' dir='ltr'>modus</span> <span class='ocrx_word' id='word_1_93' title='bbox 1073 819 1269 857; x_wconf 75' lang='lat' dir='ltr'>admittitur,</span> <span class='ocrx_word' id='word_1_94' title='bbox 1305 817 1494 848; x_wconf 78' lang='lat' dir='ltr'>Fodhailahi</span> <span class='ocrx_word' id='word_1_95' title='bbox 1533 817 1604 847; x_wconf 87' lang='lat' dir='ltr'>laus</span> <span class='ocrx_word' id='word_1_96' title='bbox 1633 822 1708 856; x_wconf 86' lang='lat' dir='ltr'>est;</span> <span class='ocrx_word' id='word_1_97' title='bbox 1745 826 1816 846; x_wconf 90' lang='lat' dir='ltr'>nam</span> <span class='ocrx_word' id='word_1_98' title='bbox 1845 815 1918 845; x_wconf 89' lang='lat' dir='ltr'>nulli</span> <span class='ocrx_word' id='word_1_99' title='bbox 1946 815 2006 846; x_wconf 89' lang='lat' dir='ltr'>nisi</span> 
     </span>
    </p>
   </div>
   <div class='ocr_carea' id='block_1_7' title="bbox 204 877 2004 990">
    <p class='ocr_par' dir='ltr' id='par_1_7' title="bbox 204 877 2004 990">
     <span class='ocr_line' id='line_1_13' title="bbox 204 877 2003 927; baseline -0.007 -8"><span class='ocrx_word' id='word_1_100' title='bbox 204 888 308 919; x_wconf 81' lang='lat' dir='ltr'>fortes</span> <span class='ocrx_word' id='word_1_101' title='bbox 341 891 425 920; x_wconf 85' lang='lat' dir='ltr'>inter</span> <span class='ocrx_word' id='word_1_102' title='bbox 453 887 578 927; x_wconf 85' lang='lat' dir='ltr'>equites</span> <span class='ocrx_word' id='word_1_103' title='bbox 615 886 720 917; x_wconf 85' lang='lat' dir='ltr'>hastis</span> <span class='ocrx_word' id='word_1_104' title='bbox 755 890 937 926; x_wconf 80' lang='lat' dir='ltr'><strong>pugnantes</strong></span> <span class='ocrx_word' id='word_1_105' title='bbox 971 883 1220 922; x_wconf 83' lang='lat' dir='ltr'>conspiciuntur.</span> <span class='ocrx_word' id='word_1_106' title='bbox 1275 878 1399 918; x_wconf 82' lang='lat' dir='ltr'>Quodsi</span> <span class='ocrx_word' id='word_1_107' title='bbox 1433 880 1566 910; x_wconf 80' lang='lat' dir='ltr'>verbum</span> <span class='ocrx_word' id='word_1_108' title='bbox 1606 881 1695 918; x_wconf 88' lang='lat' dir='ltr'>prius</span> <span class='ocrx_word' id='word_1_109' title='bbox 1731 877 1813 924; x_wconf 58' lang='grc' dir='ltr'>ρῳῒ)</span> <span class='ocrx_word' id='word_1_110' title='bbox 1846 877 2003 907; x_wconf 83' lang='lat' dir='ltr'>vertitur:</span> 
     </span>
     <span class='ocr_line' id='line_1_14' title="bbox 208 939 2004 990; baseline -0.007 -9"><span class='ocrx_word' id='word_1_111' title='bbox 208 951 261 981; x_wconf 76' lang='lat' dir='ltr'>nin</span> <span class='ocrx_word' id='word_1_112' title='bbox 288 949 433 990; x_wconf 82' lang='lat' dir='ltr'>pulmone</span> <span class='ocrx_word' id='word_1_113' title='bbox 458 948 665 989; x_wconf 69' lang='lat' dir='ltr'>vulneravi«,</span> <span class='ocrx_word' id='word_1_114' title='bbox 693 947 813 988; x_wconf 72' lang='lat' dir='ltr'>verbis,</span> <span class='ocrx_word' id='word_1_115' title='bbox 840 956 876 976; x_wconf 86' lang='lat' dir='ltr'>se</span> <span class='ocrx_word' id='word_1_116' title='bbox 905 956 976 976; x_wconf 87' lang='lat' dir='ltr'>cnm</span> <span class='ocrx_word' id='word_1_117' title='bbox 1005 944 1174 984; x_wconf 71' lang='lat' dir='ltr'>occidisse,</span> <span class='ocrx_word' id='word_1_118' title='bbox 1202 948 1320 974; x_wconf 84' lang='lat' dir='ltr'>narrat.</span> <span class='ocrx_word' id='word_1_119' title='bbox 1371 943 1525 983; x_wconf 80' lang='lat' dir='ltr'>Narrant,</span> <span class='ocrx_word' id='word_1_120' title='bbox 1555 947 1681 981; x_wconf 84' lang='lat' dir='ltr'>poetam</span> <span class='ocrx_word' id='word_1_121' title='bbox 1709 950 1777 972; x_wconf 92' lang='lat' dir='ltr'>cum</span> <span class='ocrx_word' id='word_1_122' title='bbox 1806 939 2004 970; x_wconf 82' lang='lat' dir='ltr'>Fodhailaho</span> 
     </span>
    </p>
   </div>
   <div class='ocr_carea' id='block_1_8' title="bbox 200 1003 2005 1363">
    <p class='ocr_par' dir='ltr' id='par_1_8' title="bbox 200 1003 2005 1363">
     <span class='ocr_line' id='line_1_15' title="bbox 203 1003 2004 1051; baseline -0.005 -9"><span class='ocrx_word' id='word_1_123' title='bbox 203 1011 234 1042; x_wconf 86' lang='lat' dir='ltr'>in</span> <span class='ocrx_word' id='word_1_124' title='bbox 260 1011 375 1042; x_wconf 89' lang='lat' dir='ltr'>bellum</span> <span class='ocrx_word' id='word_1_125' title='bbox 403 1010 595 1051; x_wconf 68' lang='lat' dir='ltr'>profectum,</span> <span class='ocrx_word' id='word_1_126' title='bbox 622 1019 717 1049; x_wconf 87' lang='lat' dir='ltr'>quum</span> <span class='ocrx_word' id='word_1_127' title='bbox 743 1009 795 1039; x_wconf 84' lang='lat' dir='ltr'>ille</span> <span class='ocrx_word' id='word_1_128' title='bbox 824 1018 886 1038; x_wconf 88' lang='lat' dir='ltr'>non</span> <span class='ocrx_word' id='word_1_129' title='bbox 912 1009 1005 1038; x_wconf 91' lang='lat' dir='ltr'>simul</span> <span class='ocrx_word' id='word_1_130' title='bbox 1029 1007 1157 1047; x_wconf 55' lang='lat' dir='ltr'>redii-et„</span> <span class='ocrx_word' id='word_1_131' title='bbox 1186 1009 1428 1045; x_wconf 81' lang='lat' dir='ltr'>interrogatum,</span> <span class='ocrx_word' id='word_1_132' title='bbox 1457 1014 1612 1044; x_wconf 82' lang='lat' dir='ltr'>quaenam</span> <span class='ocrx_word' id='word_1_133' title='bbox 1632 1004 1715 1034; x_wconf 86' lang='lat' dir='ltr'>haud</span> <span class='ocrx_word' id='word_1_134' title='bbox 1732 1003 1886 1033; x_wconf 82' lang='lat' dir='ltr'>redeundi</span> <span class='ocrx_word' id='word_1_135' title='bbox 1906 1012 2004 1033; x_wconf 85' lang='lat' dir='ltr'>causa</span> 
     </span>
     <span class='ocr_line' id='line_1_16' title="bbox 203 1067 2004 1113; baseline -0.005 -9"><span class='ocrx_word' id='word_1_136' title='bbox 203 1078 316 1113; x_wconf 82' lang='lat' dir='ltr'>esset,</span> <span class='ocrx_word' id='word_1_137' title='bbox 354 1072 440 1103; x_wconf 89' lang='lat' dir='ltr'>haud</span> <span class='ocrx_word' id='word_1_138' title='bbox 467 1072 586 1103; x_wconf 86' lang='lat' dir='ltr'>clarum</span> <span class='ocrx_word' id='word_1_139' title='bbox 613 1081 804 1112; x_wconf 78' lang='lat' dir='ltr'>responsum</span> <span class='ocrx_word' id='word_1_140' title='bbox 832 1071 963 1101; x_wconf 80' lang='lat' dir='ltr'>dedisse</span> <span class='ocrx_word' id='word_1_141' title='bbox 1024 1071 1060 1100; x_wconf 86' lang='lat' dir='ltr'>In</span> <span class='ocrx_word' id='word_1_142' title='bbox 1085 1069 1144 1100; x_wconf 87' lang='lat' dir='ltr'>hoc</span> <span class='ocrx_word' id='word_1_143' title='bbox 1174 1075 1281 1099; x_wconf 81' lang='lat' dir='ltr'>autem</span> <span class='ocrx_word' id='word_1_144' title='bbox 1311 1077 1490 1108; x_wconf 59' lang='lat' dir='ltr'>response,</span> <span class='ocrx_word' id='word_1_145' title='bbox 1532 1067 1559 1096; x_wconf 90' lang='lat' dir='ltr'>si</span> <span class='ocrx_word' id='word_1_146' title='bbox 1600 1077 1653 1096; x_wconf 84' lang='lat' dir='ltr'>res</span> <span class='ocrx_word' id='word_1_147' title='bbox 1682 1072 1770 1097; x_wconf 87' lang='lat' dir='ltr'>recte</span> <span class='ocrx_word' id='word_1_148' title='bbox 1803 1067 1907 1097; x_wconf 88' lang='lat' dir='ltr'>relata</span> <span class='ocrx_word' id='word_1_149' title='bbox 1942 1069 2004 1106; x_wconf 82' lang='lat' dir='ltr'>est,</span> 
     </span>
     <span class='ocr_line' id='line_1_17' title="bbox 203 1128 2003 1181; baseline -0.006 -13"><span class='ocrx_word' id='word_1_150' title='bbox 203 1146 333 1168; x_wconf 87' lang='lat' dir='ltr'>causam</span> <span class='ocrx_word' id='word_1_151' title='bbox 361 1136 528 1178; x_wconf 77' lang='lat' dir='ltr'>videmus,</span> <span class='ocrx_word' id='word_1_152' title='bbox 567 1146 622 1166; x_wconf 89' lang='lat' dir='ltr'>cur</span> <span class='ocrx_word' id='word_1_153' title='bbox 649 1138 722 1166; x_wconf 85' lang='lat' dir='ltr'>voci</span> <span class='ocrx_word' id='word_1_154' title='bbox 747 1132 831 1181; x_wconf 67' lang='grc' dir='ltr'>ρῳῒ)</span> <span class='ocrx_word' id='word_1_155' title='bbox 858 1133 940 1163; x_wconf 83' lang='lat' dir='ltr'>hanc</span> <span class='ocrx_word' id='word_1_156' title='bbox 966 1134 1003 1162; x_wconf 89' lang='lat' dir='ltr'>in</span> <span class='ocrx_word' id='word_1_157' title='bbox 1037 1131 1233 1172; x_wconf 86' lang='lat' dir='ltr'>pulmone</span> <span class='ocrx_word' id='word_1_158' title='bbox 1270 1129 1553 1160; x_wconf 85' lang='lat' dir='ltr'>confodiendi</span> <span class='ocrx_word' id='word_1_159' title='bbox 1580 1129 1849 1170; x_wconf 71' lang='lat' dir='ltr'>significationem</span> <span class='ocrx_word' id='word_1_160' title='bbox 1878 1128 2003 1158; x_wconf 87' lang='lat' dir='ltr'>tribue-</span> 
     </span>
     <span class='ocr_line' id='line_1_18' title="bbox 200 1187 2005 1238; baseline -0.006 -8"><span class='ocrx_word' id='word_1_161' title='bbox 200 1199 286 1238; x_wconf 78' lang='lat' dir='ltr'>rint3</span> <span class='ocrx_word' id='word_1_162' title='bbox 321 1208 393 1229; x_wconf 89' lang='lat' dir='ltr'>nam</span> <span class='ocrx_word' id='word_1_163' title='bbox 426 1198 518 1228; x_wconf 87' lang='lat' dir='ltr'>aliter</span> <span class='ocrx_word' id='word_1_164' title='bbox 543 1198 660 1228; x_wconf 89' lang='lat' dir='ltr'>nemini</span> <span class='ocrx_word' id='word_1_165' title='bbox 687 1198 720 1228; x_wconf 85' lang='lat' dir='ltr'>in</span> <span class='ocrx_word' id='word_1_166' title='bbox 747 1202 886 1227; x_wconf 84' lang='lat' dir='ltr'>mentem</span> <span class='ocrx_word' id='word_1_167' title='bbox 913 1196 1061 1225; x_wconf 82' lang='lat' dir='ltr'>venisset</span> <span class='ocrx_word' id='word_1_168' title='bbox 1087 1187 1160 1224; x_wconf 80' lang='lat' dir='ltr'>talis</span> <span class='ocrx_word' id='word_1_169' title='bbox 1189 1193 1338 1224; x_wconf 87' lang='lat' dir='ltr'>vertendi</span> <span class='ocrx_word' id='word_1_170' title='bbox 1366 1193 1489 1223; x_wconf 84' lang='lat' dir='ltr'>modus.</span> <span class='ocrx_word' id='word_1_171' title='bbox 1557 1191 1651 1229; x_wconf 83' lang='lat' dir='ltr'>Quod</span> <span class='ocrx_word' id='word_1_172' title='bbox 1680 1192 1707 1221; x_wconf 87' lang='lat' dir='ltr'>si</span> <span class='ocrx_word' id='word_1_173' title='bbox 1734 1201 1801 1221; x_wconf 87' lang='lat' dir='ltr'>vox</span> <span class='ocrx_word' id='word_1_174' title='bbox 1838 1189 1934 1219; x_wconf 56' lang='lat' dir='ltr'>aslum</span> <span class='ocrx_word' id='word_1_175' title='bbox 1961 1190 2005 1219; x_wconf 86' lang='lat' dir='ltr'>ita</span> 
     </span>
     <span class='ocr_line' id='line_1_19' title="bbox 201 1253 2004 1302; baseline -0.005 -11"><span class='ocrx_word' id='word_1_176' title='bbox 201 1261 449 1302; x_wconf 77' lang='lat' dir='ltr'>pronunciatur,</span> <span class='ocrx_word' id='word_1_177' title='bbox 488 1265 524 1291; x_wconf 90' lang='lat' dir='ltr'>ut</span> <span class='ocrx_word' id='word_1_178' title='bbox 560 1260 839 1291; x_wconf 82' lang='lat' dir='ltr'>excellentiae</span> <span class='ocrx_word' id='word_1_179' title='bbox 869 1258 1131 1299; x_wconf 75' lang='lat' dir='ltr'>significationem</span> <span class='ocrx_word' id='word_1_180' title='bbox 1157 1256 1292 1297; x_wconf 76' lang='lat' dir='ltr'>habeat,</span> <span class='ocrx_word' id='word_1_181' title='bbox 1328 1257 1403 1286; x_wconf 87' lang='lat' dir='ltr'>voci</span> <span class='ocrx_word' id='word_1_182' title='bbox 1433 1253 1547 1302; x_wconf 51' lang='lat'>&amp;355³</span> <span class='ocrx_word' id='word_1_183' title='bbox 1577 1256 1768 1285; x_wconf 80' lang='lat' dir='ltr'>collectivus</span> <span class='ocrx_word' id='word_1_184' title='bbox 1795 1263 1914 1284; x_wconf 87' lang='lat' dir='ltr'>sensus</span> <span class='ocrx_word' id='word_1_185' title='bbox 1943 1255 2004 1282; x_wconf 84' lang='lat' dir='ltr'>tri-—</span> 
     </span>
     <span class='ocr_line' id='line_1_20' title="bbox 202 1306 2001 1363; baseline -0.004 -10"><span class='ocrx_word' id='word_1_186' title='bbox 202 1322 346 1353; x_wconf 87' lang='lat' dir='ltr'>buendus</span> <span class='ocrx_word' id='word_1_187' title='bbox 373 1327 436 1363; x_wconf 75' lang='lat' dir='ltr'>est,</span> <span class='ocrx_word' id='word_1_188' title='bbox 464 1326 499 1353; x_wconf 91' lang='lat' dir='ltr'>ut</span> <span class='ocrx_word' id='word_1_189' title='bbox 525 1322 565 1352; x_wconf 89' lang='lat' dir='ltr'>de</span> <span class='ocrx_word' id='word_1_190' title='bbox 591 1322 867 1352; x_wconf 85' lang='lat' dir='ltr'>Koraischitarum</span> <span class='ocrx_word' id='word_1_191' title='bbox 896 1320 1088 1351; x_wconf 82' lang='lat' dir='ltr'>excellentia</span> <span class='ocrx_word' id='word_1_192' title='bbox 1115 1319 1145 1348; x_wconf 88' lang='lat' dir='ltr'>in</span> <span class='ocrx_word' id='word_1_193' title='bbox 1171 1319 1252 1349; x_wconf 85' lang='lat' dir='ltr'>bello</span> <span class='ocrx_word' id='word_1_194' title='bbox 1281 1306 1486 1360; x_wconf 76' lang='lat' dir='ltr'>intelligatur.</span> <span class='ocrx_word' id='word_1_195' title='bbox 1539 1319 1574 1348; x_wconf 88' lang='lat' dir='ltr'>In</span> <span class='ocrx_word' id='word_1_196' title='bbox 1601 1327 1703 1348; x_wconf 84' lang='lat' dir='ltr'>versu</span> <span class='ocrx_word' id='word_1_197' title='bbox 1730 1322 1838 1347; x_wconf 82' lang='lat' dir='ltr'>autem</span> <span class='ocrx_word' id='word_1_198' title='bbox 1857 1315 2001 1346; x_wconf 88' lang='lat' dir='ltr'>inversio</span> 
     </span>
    </p>
   </div>
   <div class='ocr_carea' id='block_1_9' title="bbox 203 1378 1534 1426">
    <p class='ocr_par' dir='ltr' id='par_1_9' title="bbox 203 1378 1534 1426">
     <span class='ocr_line' id='line_1_21' title="bbox 203 1378 1534 1426; baseline -0.005 -10"><span class='ocrx_word' id='word_1_199' title='bbox 203 1390 267 1426; x_wconf 76' lang='lat' dir='ltr'>est,</span> <span class='ocrx_word' id='word_1_200' title='bbox 292 1390 327 1414; x_wconf 86' lang='lat' dir='ltr'>ut</span> <span class='ocrx_word' id='word_1_201' title='bbox 354 1384 483 1425; x_wconf 82' lang='lat' dir='ltr'>phrasis</span> <span class='ocrx_word' id='word_1_202' title='bbox 510 1393 715 1423; x_wconf 84' lang='lat' dir='ltr'>consequens</span> <span class='ocrx_word' id='word_1_203' title='bbox 743 1389 817 1414; x_wconf 87' lang='lat' dir='ltr'>ante</span> <span class='ocrx_word' id='word_1_204' title='bbox 842 1382 1086 1413; x_wconf 69' lang='lat' dir='ltr'>antecedentem</span> <span class='ocrx_word' id='word_1_205' title='bbox 1115 1378 1156 1412; x_wconf 59' lang='grc' dir='ltr'>[Δ</span> <span class='ocrx_word' id='word_1_206' title='bbox 1184 1386 1245 1412; x_wconf 85' lang='lat' dir='ltr'>etc.</span> <span class='ocrx_word' id='word_1_207' title='bbox 1274 1381 1379 1411; x_wconf 86' lang='lat' dir='ltr'>locum</span> <span class='ocrx_word' id='word_1_208' title='bbox 1406 1381 1534 1412; x_wconf 87' lang='lat' dir='ltr'>habeat.</span> 
     </span>
    </p>
   </div>
   <div class='ocr_carea' id='block_1_10' title="bbox 202 1484 1455 1523">
    <p class='ocr_par' dir='ltr' id='par_1_10' title="bbox 202 1484 1455 1523">
     <span class='ocr_line' id='line_1_22' title="bbox 202 1484 1455 1523; baseline -0.004 -7"><span class='ocrx_word' id='word_1_209' title='bbox 202 1487 235 1516; x_wconf 75' lang='lat'>2.</span> <span class='ocrx_word' id='word_1_210' title='bbox 259 1486 305 1516; x_wconf 82' lang='lat' dir='ltr'>Et</span> <span class='ocrx_word' id='word_1_211' title='bbox 325 1496 410 1516; x_wconf 72' lang='lat' dir='ltr'>mors</span> <span class='ocrx_word' id='word_1_212' title='bbox 433 1486 503 1516; x_wconf 68' lang='lat' dir='ltr'>alas</span> <span class='ocrx_word' id='word_1_213' title='bbox 525 1486 727 1523; x_wconf 49' lang='lat' dir='ltr'>etz-panderat</span> <span class='ocrx_word' id='word_1_214' title='bbox 747 1488 894 1514; x_wconf 73' lang='lat' dir='ltr'>strenuos</span> <span class='ocrx_word' id='word_1_215' title='bbox 915 1484 1025 1513; x_wconf 79' lang='lat' dir='ltr'>umbra</span> <span class='ocrx_word' id='word_1_216' title='bbox 1046 1486 1155 1520; x_wconf 77' lang='lat' dir='ltr'>leyens</span> <span class='ocrx_word' id='word_1_217' title='bbox 1173 1485 1363 1521; x_wconf 78' lang='lat' dir='ltr'>propinquis</span> <span class='ocrx_word' id='word_1_218' title='bbox 1385 1484 1455 1512; x_wconf 78' lang='lat' dir='ltr'>alis.</span> 
     </span>
    </p>
   </div>
   <div class='ocr_carea' id='block_1_11' title="bbox 199 1559 2002 2225">
    <p class='ocr_par' dir='ltr' id='par_1_11' title="bbox 199 1559 2002 2225">
     <span class='ocr_line' id='line_1_23' title="bbox 297 1559 2002 1604; baseline -0.003 -12"><span class='ocrx_word' id='word_1_219' title='bbox 297 1562 442 1604; x_wconf 83' lang='lat' dir='ltr'>Pugnam</span> <span class='ocrx_word' id='word_1_220' title='bbox 468 1563 654 1594; x_wconf 87' lang='lat' dir='ltr'>acerrimam</span> <span class='ocrx_word' id='word_1_221' title='bbox 681 1562 784 1593; x_wconf 83' lang='lat' dir='ltr'>fuisse</span> <span class='ocrx_word' id='word_1_222' title='bbox 811 1561 972 1592; x_wconf 84' lang='lat' dir='ltr'>describit.</span> <span class='ocrx_word' id='word_1_223' title='bbox 1025 1561 1165 1590; x_wconf 82' lang='lat' dir='ltr'>Mortem</span> <span class='ocrx_word' id='word_1_224' title='bbox 1202 1565 1311 1591; x_wconf 84' lang='lat' dir='ltr'>autem</span> <span class='ocrx_word' id='word_1_225' title='bbox 1345 1570 1416 1591; x_wconf 88' lang='lat' dir='ltr'>cum</span> <span class='ocrx_word' id='word_1_226' title='bbox 1451 1570 1514 1591; x_wconf 86' lang='lat' dir='ltr'>ave</span> <span class='ocrx_word' id='word_1_227' title='bbox 1551 1569 1669 1600; x_wconf 77' lang='lat' dir='ltr'>rapace</span> <span class='ocrx_word' id='word_1_228' title='bbox 1705 1559 1906 1598; x_wconf 86' lang='lat' dir='ltr'>comparavit</span> <span class='ocrx_word' id='word_1_229' title='bbox 1940 1567 2002 1587; x_wconf 90' lang='lat' dir='ltr'>non</span> 
     </span>
     <span class='ocr_line' id='line_1_24' title="bbox 201 1622 2001 1665; baseline -0.003 -11"><span class='ocrx_word' id='word_1_230' title='bbox 201 1624 232 1654; x_wconf 87' lang='lat' dir='ltr'>iu</span> <span class='ocrx_word' id='word_1_231' title='bbox 256 1633 380 1655; x_wconf 88' lang='lat' dir='ltr'>summo</span> <span class='ocrx_word' id='word_1_232' title='bbox 408 1634 484 1656; x_wconf 86' lang='lat' dir='ltr'>aere</span> <span class='ocrx_word' id='word_1_233' title='bbox 511 1625 570 1655; x_wconf 87' lang='lat' dir='ltr'>alis</span> <span class='ocrx_word' id='word_1_234' title='bbox 596 1625 750 1665; x_wconf 78' lang='lat' dir='ltr'>expansis</span> <span class='ocrx_word' id='word_1_235' title='bbox 777 1625 979 1654; x_wconf 83' lang='lat' dir='ltr'>occasionem</span> <span class='ocrx_word' id='word_1_236' title='bbox 1013 1622 1178 1653; x_wconf 87' lang='lat' dir='ltr'>decidendi</span> <span class='ocrx_word' id='word_1_237' title='bbox 1206 1627 1470 1662; x_wconf 78' lang='lat' dir='ltr'>exspectantem3</span> <span class='ocrx_word' id='word_1_238' title='bbox 1510 1622 1568 1653; x_wconf 89' lang='lat' dir='ltr'>sed</span> <span class='ocrx_word' id='word_1_239' title='bbox 1595 1623 1723 1662; x_wconf 88' lang='lat' dir='ltr'>paulum</span> <span class='ocrx_word' id='word_1_240' title='bbox 1754 1625 1874 1651; x_wconf 85' lang='lat' dir='ltr'>tantum</span> <span class='ocrx_word' id='word_1_241' title='bbox 1902 1629 2001 1659; x_wconf 88' lang='lat' dir='ltr'>super</span> 
     </span>
     <span class='ocr_line' id='line_1_25' title="bbox 201 1682 2000 1728; baseline -0.003 -12"><span class='ocrx_word' id='word_1_242' title='bbox 201 1686 358 1726; x_wconf 83' lang='lat' dir='ltr'>capitibus</span> <span class='ocrx_word' id='word_1_243' title='bbox 383 1687 521 1728; x_wconf 79' lang='lat' dir='ltr'>elatam,</span> <span class='ocrx_word' id='word_1_244' title='bbox 547 1692 583 1717; x_wconf 87' lang='lat' dir='ltr'>ut</span> <span class='ocrx_word' id='word_1_245' title='bbox 609 1696 668 1717; x_wconf 84' lang='lat' dir='ltr'>eos</span> <span class='ocrx_word' id='word_1_246' title='bbox 695 1695 821 1726; x_wconf 86' lang='lat' dir='ltr'>semper</span> <span class='ocrx_word' id='word_1_247' title='bbox 847 1685 876 1715; x_wconf 88' lang='lat' dir='ltr'>iu</span> <span class='ocrx_word' id='word_1_248' title='bbox 902 1694 1027 1715; x_wconf 87' lang='lat' dir='ltr'>summo</span> <span class='ocrx_word' id='word_1_249' title='bbox 1054 1686 1166 1716; x_wconf 88' lang='lat' dir='ltr'>mortis</span> <span class='ocrx_word' id='word_1_250' title='bbox 1194 1685 1334 1725; x_wconf 82' lang='lat' dir='ltr'>periculo</span> <span class='ocrx_word' id='word_1_251' title='bbox 1362 1690 1513 1715; x_wconf 87' lang='lat' dir='ltr'>versatos</span> <span class='ocrx_word' id='word_1_252' title='bbox 1540 1695 1636 1725; x_wconf 81' lang='lat' dir='ltr'>esso,</span> <span class='ocrx_word' id='word_1_253' title='bbox 1663 1683 1838 1725; x_wconf 83' lang='lat' dir='ltr'>significet.</span> <span class='ocrx_word' id='word_1_254' title='bbox 1891 1682 2000 1712; x_wconf 74' lang='lat' dir='ltr'>Verbo</span> 
     </span>
     <span class='ocr_line' id='line_1_26' title="bbox 201 1745 2001 1794; baseline -0.003 -16"><span class='ocrx_word' id='word_1_255' title='bbox 201 1749 274 1794; x_wconf 62' lang='grc' dir='ltr'>ὤ)</span> <span class='ocrx_word' id='word_1_256' title='bbox 299 1748 364 1778; x_wconf 84' lang='lat' dir='ltr'>iste</span> <span class='ocrx_word' id='word_1_257' title='bbox 389 1748 594 1788; x_wconf 88' lang='lat' dir='ltr'>comparandi</span> <span class='ocrx_word' id='word_1_258' title='bbox 620 1747 735 1778; x_wconf 89' lang='lat' dir='ltr'>modus</span> <span class='ocrx_word' id='word_1_259' title='bbox 763 1747 932 1788; x_wconf 63' lang='lat' dir='ltr'>indicatur,</span> <span class='ocrx_word' id='word_1_260' title='bbox 960 1757 1032 1777; x_wconf 85' lang='lat' dir='ltr'>uam</span> <span class='ocrx_word' id='word_1_261' title='bbox 1057 1747 1155 1777; x_wconf 86' lang='lat' dir='ltr'>istum</span> <span class='ocrx_word' id='word_1_262' title='bbox 1180 1747 1309 1777; x_wconf 84' lang='lat' dir='ltr'>volandi</span> <span class='ocrx_word' id='word_1_263' title='bbox 1334 1747 1458 1778; x_wconf 88' lang='lat' dir='ltr'>modum</span> <span class='ocrx_word' id='word_1_264' title='bbox 1486 1747 1545 1778; x_wconf 91' lang='lat' dir='ltr'>alis</span> <span class='ocrx_word' id='word_1_265' title='bbox 1572 1747 1657 1777; x_wconf 88' lang='lat' dir='ltr'>haud</span> <span class='ocrx_word' id='word_1_266' title='bbox 1684 1747 1774 1776; x_wconf 84' lang='lat' dir='ltr'>motis</span> <span class='ocrx_word' id='word_1_267' title='bbox 1801 1745 1917 1775; x_wconf 90' lang='lat' dir='ltr'>avibus</span> <span class='ocrx_word' id='word_1_268' title='bbox 1946 1753 2001 1773; x_wconf 90' lang='lat' dir='ltr'>ra-</span> 
     </span>
     <span class='ocr_line' id='line_1_27' title="bbox 201 1804 2001 1852; baseline -0.003 -12"><span class='ocrx_word' id='word_1_269' title='bbox 201 1810 335 1850; x_wconf 74' lang='lat' dir='ltr'>pacibus</span> <span class='ocrx_word' id='word_1_270' title='bbox 363 1810 522 1850; x_wconf 86' lang='lat' dir='ltr'>proprium</span> <span class='ocrx_word' id='word_1_271' title='bbox 547 1809 721 1852; x_wconf 85' lang='lat' dir='ltr'>siguificat.</span> <span class='ocrx_word' id='word_1_272' title='bbox 773 1810 913 1840; x_wconf 82' lang='lat' dir='ltr'>Mortem</span> <span class='ocrx_word' id='word_1_273' title='bbox 940 1814 1048 1839; x_wconf 85' lang='lat' dir='ltr'>autem</span> <span class='ocrx_word' id='word_1_274' title='bbox 1074 1809 1206 1839; x_wconf 83' lang='lat' dir='ltr'>cuilibet</span> <span class='ocrx_word' id='word_1_275' title='bbox 1232 1809 1419 1849; x_wconf 76' lang='lat' dir='ltr'>imminere,</span> <span class='ocrx_word' id='word_1_276' title='bbox 1456 1818 1495 1839; x_wconf 91' lang='lat' dir='ltr'>eo</span> <span class='ocrx_word' id='word_1_277' title='bbox 1531 1808 1728 1848; x_wconf 80' lang='lat' dir='ltr'>significavit</span> <span class='ocrx_word' id='word_1_278' title='bbox 1763 1812 1879 1846; x_wconf 77' lang='lat' dir='ltr'>poeta3</span> <span class='ocrx_word' id='word_1_279' title='bbox 1916 1804 2001 1845; x_wconf 92' lang='lat' dir='ltr'>quod</span> 
     </span>
     <span class='ocr_line' id='line_1_28' title="bbox 201 1866 1996 1912; baseline -0.003 -11"><span class='ocrx_word' id='word_1_280' title='bbox 201 1880 273 1902; x_wconf 84' lang='lat' dir='ltr'>eam</span> <span class='ocrx_word' id='word_1_281' title='bbox 299 1872 442 1902; x_wconf 82' lang='lat' dir='ltr'>umbram</span> <span class='ocrx_word' id='word_1_282' title='bbox 468 1873 620 1912; x_wconf 87' lang='lat' dir='ltr'>appellat.</span> <span class='ocrx_word' id='word_1_283' title='bbox 671 1872 740 1902; x_wconf 83' lang='lat' dir='ltr'>Res</span> <span class='ocrx_word' id='word_1_284' title='bbox 767 1873 861 1910; x_wconf 88' lang='lat' dir='ltr'>euim,</span> <span class='ocrx_word' id='word_1_285' title='bbox 890 1881 973 1911; x_wconf 90' lang='lat' dir='ltr'>quae</span> <span class='ocrx_word' id='word_1_286' title='bbox 1000 1880 1096 1911; x_wconf 83' lang='lat' dir='ltr'>super</span> <span class='ocrx_word' id='word_1_287' title='bbox 1123 1872 1228 1910; x_wconf 86' lang='lat' dir='ltr'>capite</span> <span class='ocrx_word' id='word_1_288' title='bbox 1256 1873 1341 1902; x_wconf 87' lang='lat' dir='ltr'>elata</span> <span class='ocrx_word' id='word_1_289' title='bbox 1367 1877 1428 1909; x_wconf 88' lang='lat' dir='ltr'>cst,</span> <span class='ocrx_word' id='word_1_290' title='bbox 1457 1871 1593 1901; x_wconf 81' lang='lat' dir='ltr'>maxime</span> <span class='ocrx_word' id='word_1_291' title='bbox 1622 1870 1712 1898; x_wconf 87' lang='lat' dir='ltr'>nobis</span> <span class='ocrx_word' id='word_1_292' title='bbox 1741 1868 1883 1898; x_wconf 88' lang='lat' dir='ltr'>umbram</span> <span class='ocrx_word' id='word_1_293' title='bbox 1910 1866 1996 1897; x_wconf 79' lang='lat' dir='ltr'>facit.</span> 
     </span>
     <span class='ocr_line' id='line_1_29' title="bbox 201 1927 2000 1978; baseline -0.006 -10"><span class='ocrx_word' id='word_1_294' title='bbox 201 1937 301 1970; x_wconf 83' lang='lat' dir='ltr'>Addit</span> <span class='ocrx_word' id='word_1_295' title='bbox 326 1941 430 1968; x_wconf 81' lang='lat' dir='ltr'>autem</span> <span class='ocrx_word' id='word_1_296' title='bbox 457 1937 673 1975; x_wconf 86' lang='lat' dir='ltr'>indicaturus,</span> <span class='ocrx_word' id='word_1_297' title='bbox 702 1944 836 1968; x_wconf 88' lang='lat' dir='ltr'>mortem</span> <span class='ocrx_word' id='word_1_298' title='bbox 864 1938 1069 1977; x_wconf 86' lang='lat' dir='ltr'>propinquam</span> <span class='ocrx_word' id='word_1_299' title='bbox 1097 1946 1195 1978; x_wconf 72' lang='lat' dir='ltr'>esse,</span> <span class='ocrx_word' id='word_1_300' title='bbox 1223 1936 1344 1965; x_wconf 80' lang='lat' dir='ltr'>verba:</span> <span class='ocrx_word' id='word_1_301' title='bbox 1380 1933 1636 1974; x_wconf 83' lang='lat' dir='ltr'>propinquis</span> <span class='ocrx_word' id='word_1_302' title='bbox 1664 1932 1758 1962; x_wconf 84' lang='lat' dir='ltr'>alis.</span> <span class='ocrx_word' id='word_1_303' title='bbox 1811 1930 1893 1960; x_wconf 75' lang='lat' dir='ltr'>Voci</span> <span class='ocrx_word' id='word_1_304' title='bbox 1919 1927 2000 1966; x_wconf 44' lang='lat'>³4³5&gt;</span> 
     </span>
     <span class='ocr_line' id='line_1_30' title="bbox 199 1992 2000 2041; baseline -0.004 -9"><span class='ocrx_word' id='word_1_305' title='bbox 199 2001 272 2032; x_wconf 85' lang='lat' dir='ltr'>inde</span> <span class='ocrx_word' id='word_1_306' title='bbox 298 2009 408 2031; x_wconf 84' lang='lat' dir='ltr'>casum</span> <span class='ocrx_word' id='word_1_307' title='bbox 434 1999 661 2029; x_wconf 83' lang='lat' dir='ltr'>nominativum</span> <span class='ocrx_word' id='word_1_308' title='bbox 688 2009 764 2030; x_wconf 87' lang='lat' dir='ltr'>esse</span> <span class='ocrx_word' id='word_1_309' title='bbox 791 1999 918 2041; x_wconf 85' lang='lat' dir='ltr'>dicunt,</span> <span class='ocrx_word' id='word_1_310' title='bbox 946 1999 1031 2040; x_wconf 85' lang='lat' dir='ltr'>quod</span> <span class='ocrx_word' id='word_1_311' title='bbox 1058 1999 1251 2029; x_wconf 82' lang='lat' dir='ltr'>adiectivum</span> <span class='ocrx_word' id='word_1_312' title='bbox 1279 1998 1371 2027; x_wconf 87' lang='lat' dir='ltr'>vocis</span> <span class='ocrx_word' id='word_1_313' title='bbox 1399 1993 1451 2034; x_wconf 55' lang='lat'>&amp;²2</span> <span class='ocrx_word' id='word_1_314' title='bbox 1478 1998 1528 2028; x_wconf 85' lang='lat' dir='ltr'>sit.</span> <span class='ocrx_word' id='word_1_315' title='bbox 1561 1997 1641 2027; x_wconf 77' lang='lat' dir='ltr'>Voci</span> <span class='ocrx_word' id='word_1_316' title='bbox 1669 1992 1721 2033; x_wconf 54' lang='lat'>332</span> <span class='ocrx_word' id='word_1_317' title='bbox 1746 2000 1854 2025; x_wconf 83' lang='lat' dir='ltr'>autem</span> <span class='ocrx_word' id='word_1_318' title='bbox 1881 2004 2000 2025; x_wconf 84' lang='lat' dir='ltr'>sensus</span> 
     </span>
     <span class='ocr_line' id='line_1_31' title="bbox 202 2054 2001 2102; baseline -0.005 -8"><span class='ocrx_word' id='word_1_319' title='bbox 202 2071 299 2094; x_wconf 77' lang='lat' dir='ltr'>eausa</span> <span class='ocrx_word' id='word_1_320' title='bbox 325 2061 465 2092; x_wconf 77' lang='lat' dir='ltr'>feminini</span> <span class='ocrx_word' id='word_1_321' title='bbox 491 2070 596 2102; x_wconf 88' lang='lat' dir='ltr'>genus</span> <span class='ocrx_word' id='word_1_322' title='bbox 623 2061 772 2092; x_wconf 86' lang='lat' dir='ltr'>tributum</span> <span class='ocrx_word' id='word_1_323' title='bbox 799 2070 887 2091; x_wconf 86' lang='lat' dir='ltr'>esse.</span> <span class='ocrx_word' id='word_1_324' title='bbox 939 2061 1016 2092; x_wconf 72' lang='lat' dir='ltr'>Vox</span> <span class='ocrx_word' id='word_1_325' title='bbox 1041 2066 1147 2090; x_wconf 87' lang='lat' dir='ltr'>autem</span> <span class='ocrx_word' id='word_1_326' title='bbox 1174 2057 1258 2096; x_wconf 56' lang='lat' dir='ltr'>&#39;12ng</span> <span class='ocrx_word' id='word_1_327' title='bbox 1294 2060 1366 2089; x_wconf 89' lang='lat' dir='ltr'>mihi</span> <span class='ocrx_word' id='word_1_328' title='bbox 1394 2060 1500 2099; x_wconf 86' lang='lat' dir='ltr'>potius</span> <span class='ocrx_word' id='word_1_329' title='bbox 1519 2059 1558 2089; x_wconf 85' lang='lat' dir='ltr'>ad</span> <span class='ocrx_word' id='word_1_330' title='bbox 1586 2067 1700 2088; x_wconf 84' lang='lat' dir='ltr'>nomen</span> <span class='ocrx_word' id='word_1_331' title='bbox 1726 2054 1804 2087; x_wconf 51' lang='lat' dir='ltr'>ms</span> <span class='ocrx_word' id='word_1_332' title='bbox 1833 2055 2001 2086; x_wconf 76' lang='lat' dir='ltr'>referenda</span> 
     </span>
     <span class='ocr_line' id='line_1_32' title="bbox 201 2110 1999 2174; baseline -0.005 -20"><span class='ocrx_word' id='word_1_333' title='bbox 201 2123 346 2164; x_wconf 85' lang='lat' dir='ltr'>videtur,</span> <span class='ocrx_word' id='word_1_334' title='bbox 381 2127 418 2152; x_wconf 92' lang='lat' dir='ltr'>ut</span> <span class='ocrx_word' id='word_1_335' title='bbox 450 2122 629 2162; x_wconf 80' lang='lat' dir='ltr'>appositum</span> <span class='ocrx_word' id='word_1_336' title='bbox 664 2122 756 2152; x_wconf 90' lang='lat' dir='ltr'>vocis</span> <span class='ocrx_word' id='word_1_337' title='bbox 793 2118 846 2161; x_wconf 56' lang='grc' dir='ltr'>,μυ</span> <span class='ocrx_word' id='word_1_338' title='bbox 871 2122 936 2164; x_wconf 74' lang='lat' dir='ltr'>sit,</span> <span class='ocrx_word' id='word_1_339' title='bbox 970 2121 1040 2152; x_wconf 91' lang='lat' dir='ltr'>loco</span> <span class='ocrx_word' id='word_1_340' title='bbox 1067 2121 1236 2151; x_wconf 85' lang='lat' dir='ltr'>verborum</span> <span class='ocrx_word' id='word_1_341' title='bbox 1262 2110 1360 2174; x_wconf 44' lang='lat' dir='ltr'>abigi</span> <span class='ocrx_word' id='word_1_342' title='bbox 1389 2119 1474 2158; x_wconf 44' lang='lat' dir='ltr'>&amp;gilo</span> <span class='ocrx_word' id='word_1_343' title='bbox 1509 2124 1593 2167; x_wconf 53' lang='lat'>699.</span> <span class='ocrx_word' id='word_1_344' title='bbox 1647 2119 1741 2149; x_wconf 86' lang='lat' dir='ltr'>Licet</span> <span class='ocrx_word' id='word_1_345' title='bbox 1767 2127 1892 2158; x_wconf 88' lang='lat' dir='ltr'>quoque</span> <span class='ocrx_word' id='word_1_346' title='bbox 1926 2116 1999 2146; x_wconf 80' lang='lat' dir='ltr'>voci</span> 
     </span>
     <span class='ocr_line' id='line_1_33' title="bbox 200 2182 1246 2225; baseline -0.004 -9"><span class='ocrx_word' id='word_1_347' title='bbox 200 2194 314 2216; x_wconf 78' lang='lat' dir='ltr'>casum</span> <span class='ocrx_word' id='word_1_348' title='bbox 340 2184 562 2215; x_wconf 81' lang='lat' dir='ltr'>accusativum</span> <span class='ocrx_word' id='word_1_349' title='bbox 587 2184 693 2225; x_wconf 83' lang='lat' dir='ltr'>tribui,</span> <span class='ocrx_word' id='word_1_350' title='bbox 720 2189 871 2224; x_wconf 85' lang='lat' dir='ltr'>tanquam</span> <span class='ocrx_word' id='word_1_351' title='bbox 895 2188 1015 2214; x_wconf 81' lang='lat' dir='ltr'>statum</span> <span class='ocrx_word' id='word_1_352' title='bbox 1042 2182 1246 2214; x_wconf 86' lang='lat' dir='ltr'>describenti.</span> 
     </span>
    </p>
   </div>
   <div class='ocr_carea' id='block_1_12' title="bbox 200 2277 1769 2319">
    <p class='ocr_par' dir='ltr' id='par_1_12' title="bbox 200 2277 1769 2319">
     <span class='ocr_line' id='line_1_34' title="bbox 200 2277 1769 2319; baseline -0.004 -8"><span class='ocrx_word' id='word_1_353' title='bbox 200 2282 234 2312; x_wconf 77' lang='lat'>3.</span> <span class='ocrx_word' id='word_1_354' title='bbox 257 2280 469 2312; x_wconf 65' lang='lat' dir='ltr'>Fortissimus</span> <span class='ocrx_word' id='word_1_355' title='bbox 485 2283 591 2310; x_wconf 78' lang='lat' dir='ltr'>autem</span> <span class='ocrx_word' id='word_1_356' title='bbox 611 2289 720 2309; x_wconf 81' lang='lat' dir='ltr'>eorum</span> <span class='ocrx_word' id='word_1_357' title='bbox 740 2282 844 2310; x_wconf 81' lang='lat' dir='ltr'>animo</span> <span class='ocrx_word' id='word_1_358' title='bbox 866 2280 1038 2319; x_wconf 78' lang='lat' dir='ltr'>roboreque</span> <span class='ocrx_word' id='word_1_359' title='bbox 1058 2283 1129 2308; x_wconf 79' lang='lat' dir='ltr'>erat</span> <span class='ocrx_word' id='word_1_360' title='bbox 1148 2283 1182 2308; x_wconf 84' lang='lat' dir='ltr'>et</span> <span class='ocrx_word' id='word_1_361' title='bbox 1200 2281 1234 2308; x_wconf 79' lang='lat' dir='ltr'>in</span> <span class='ocrx_word' id='word_1_362' title='bbox 1251 2279 1342 2308; x_wconf 72' lang='lat' dir='ltr'>bellis</span> <span class='ocrx_word' id='word_1_363' title='bbox 1363 2279 1496 2308; x_wconf 80' lang='lat' dir='ltr'>vulnera</span> <span class='ocrx_word' id='word_1_364' title='bbox 1516 2279 1630 2315; x_wconf 70' lang='lat' dir='ltr'>optime</span> <span class='ocrx_word' id='word_1_365' title='bbox 1649 2277 1769 2315; x_wconf 70' lang='lat' dir='ltr'>ferene-</span> 
     </span>
    </p>
   </div>
   <div class='ocr_carea' id='block_1_13' title="bbox 199 2341 1998 2583">
    <p class='ocr_par' dir='ltr' id='par_1_13' title="bbox 199 2341 1998 2583">
     <span class='ocr_line' id='line_1_35' title="bbox 300 2341 1998 2387; baseline -0.006 -6"><span class='ocrx_word' id='word_1_366' title='bbox 300 2350 428 2381; x_wconf 84' lang='lat' dir='ltr'>Versus</span> <span class='ocrx_word' id='word_1_367' title='bbox 456 2349 508 2380; x_wconf 89' lang='lat' dir='ltr'>hic</span> <span class='ocrx_word' id='word_1_368' title='bbox 535 2350 567 2379; x_wconf 89' lang='lat' dir='ltr'>in</span> <span class='ocrx_word' id='word_1_369' title='bbox 594 2348 753 2379; x_wconf 79' lang='lat' dir='ltr'>Mersukii</span> <span class='ocrx_word' id='word_1_370' title='bbox 779 2349 890 2380; x_wconf 86' lang='lat' dir='ltr'>codice</span> <span class='ocrx_word' id='word_1_371' title='bbox 916 2347 1125 2379; x_wconf 83' lang='lat' dir='ltr'>desideratur.</span> <span class='ocrx_word' id='word_1_372' title='bbox 1153 2349 1233 2379; x_wconf 81' lang='lat' dir='ltr'>Eum</span> <span class='ocrx_word' id='word_1_373' title='bbox 1253 2353 1404 2387; x_wconf 84' lang='lat' dir='ltr'>tanquam</span> <span class='ocrx_word' id='word_1_374' title='bbox 1418 2347 1629 2377; x_wconf 87' lang='lat' dir='ltr'>fortissimum</span> <span class='ocrx_word' id='word_1_375' title='bbox 1655 2349 1687 2375; x_wconf 84' lang='lat' dir='ltr'>et</span> <span class='ocrx_word' id='word_1_376' title='bbox 1702 2341 1998 2374; x_wconf 80' lang='lat' dir='ltr'>constantissimum</span> 
     </span>
     <span class='ocr_line' id='line_1_36' title="bbox 199 2406 1998 2451; baseline -0.007 -5"><span class='ocrx_word' id='word_1_377' title='bbox 199 2413 317 2445; x_wconf 78' lang='lat' dir='ltr'>laudat.</span> <span class='ocrx_word' id='word_1_378' title='bbox 369 2414 461 2445; x_wconf 85' lang='lat' dir='ltr'>Duas</span> <span class='ocrx_word' id='word_1_379' title='bbox 487 2417 595 2444; x_wconf 84' lang='lat' dir='ltr'>autem</span> <span class='ocrx_word' id='word_1_380' title='bbox 621 2412 652 2442; x_wconf 89' lang='lat' dir='ltr'>ei</span> <span class='ocrx_word' id='word_1_381' title='bbox 677 2411 831 2442; x_wconf 80' lang='lat' dir='ltr'>adscribit</span> <span class='ocrx_word' id='word_1_382' title='bbox 856 2412 1016 2451; x_wconf 86' lang='lat' dir='ltr'>virtutes,</span> <span class='ocrx_word' id='word_1_383' title='bbox 1043 2411 1138 2442; x_wconf 80' lang='lat' dir='ltr'>animi</span> <span class='ocrx_word' id='word_1_384' title='bbox 1166 2411 1383 2442; x_wconf 87' lang='lat' dir='ltr'>fortitudinem</span> <span class='ocrx_word' id='word_1_385' title='bbox 1417 2412 1448 2440; x_wconf 89' lang='lat' dir='ltr'>in</span> <span class='ocrx_word' id='word_1_386' title='bbox 1475 2408 1688 2449; x_wconf 89' lang='lat' dir='ltr'>suscipiendis</span> <span class='ocrx_word' id='word_1_387' title='bbox 1712 2406 1860 2447; x_wconf 88' lang='lat' dir='ltr'>periculis</span> <span class='ocrx_word' id='word_1_388' title='bbox 1879 2410 1911 2435; x_wconf 86' lang='lat' dir='ltr'>et</span> <span class='ocrx_word' id='word_1_389' title='bbox 1938 2413 1998 2444; x_wconf 86' lang='lat' dir='ltr'>pa-</span> 
     </span>
     <span class='ocr_line' id='line_1_37' title="bbox 199 2462 1995 2517; baseline -0.006 -10"><span class='ocrx_word' id='word_1_390' title='bbox 199 2475 341 2507; x_wconf 79' lang='lat' dir='ltr'>tientiam</span> <span class='ocrx_word' id='word_1_391' title='bbox 368 2476 399 2507; x_wconf 88' lang='lat' dir='ltr'>in</span> <span class='ocrx_word' id='word_1_392' title='bbox 427 2474 627 2515; x_wconf 83' lang='lat' dir='ltr'>perferendis</span> <span class='ocrx_word' id='word_1_393' title='bbox 652 2474 756 2505; x_wconf 82' lang='lat' dir='ltr'>malis.</span> <span class='ocrx_word' id='word_1_394' title='bbox 807 2475 842 2504; x_wconf 74' lang='lat' dir='ltr'>In</span> <span class='ocrx_word' id='word_1_395' title='bbox 865 2475 1000 2506; x_wconf 84' lang='lat' dir='ltr'>Tebrisii</span> <span class='ocrx_word' id='word_1_396' title='bbox 1028 2474 1138 2505; x_wconf 88' lang='lat' dir='ltr'>codice</span> <span class='ocrx_word' id='word_1_397' title='bbox 1164 2483 1221 2514; x_wconf 91' lang='lat' dir='ltr'>pro</span> <span class='ocrx_word' id='word_1_398' title='bbox 1247 2474 1381 2504; x_wconf 90' lang='lat' dir='ltr'>vocibus</span> <span class='ocrx_word' id='word_1_399' title='bbox 1407 2462 1514 2517; x_wconf 43' lang='lat' dir='ltr'>qajfssl</span> <span class='ocrx_word' id='word_1_400' title='bbox 1540 2470 1567 2509; x_wconf 70' lang='lat'><em>3</em></span> <span class='ocrx_word' id='word_1_401' title='bbox 1594 2475 1742 2509; x_wconf 85' lang='lat' dir='ltr'>tanquam</span> <span class='ocrx_word' id='word_1_402' title='bbox 1761 2468 1842 2499; x_wconf 84' lang='lat' dir='ltr'>alter</span> <span class='ocrx_word' id='word_1_403' title='bbox 1868 2466 1995 2509; x_wconf 84' lang='lat' dir='ltr'>legendi</span> 
     </span>
     <span class='ocr_line' id='line_1_38' title="bbox 199 2533 905 2583; baseline -0.001 -16"><span class='ocrx_word' id='word_1_404' title='bbox 199 2535 314 2568; x_wconf 73' lang='lat' dir='ltr'>modus</span> <span class='ocrx_word' id='word_1_405' title='bbox 339 2545 406 2567; x_wconf 88' lang='lat' dir='ltr'>vox</span> <span class='ocrx_word' id='word_1_406' title='bbox 430 2533 564 2583; x_wconf 39' lang='grc' dir='ltr'>εδδ-ευ</span> <span class='ocrx_word' id='word_1_407' title='bbox 591 2534 817 2576; x_wconf 74' lang='lat' dir='ltr'>superscripta</span> <span class='ocrx_word' id='word_1_408' title='bbox 842 2539 905 2566; x_wconf 78' lang='lat' dir='ltr'>est..</span> 
     </span>
    </p>
   </div>
  </div>
 </body>
</html>
