2247 2865
994 81 1261 114 —403—

229 183 396 224 Thajjitam
433 192 531 214 versu
561 186 721 214 cecinisse
754 183 864 222 (metr.
893 182 1059 221 Thawil):
1098 182 1259 213 Manum
1298 192 1420 214 meam
1458 193 1762 227 sermonemque
1800 199 1928 223 meum
1965 195 2013 225 ab

227 246 380 277 honore
408 247 578 287 ingenui
605 246 774 276 retineo
802 250 841 275 et
872 255 959 275 eam
987 245 1182 283 (manum)
1211 245 1306 275 iuba
1334 245 1476 276 leonis
1504 245 1612 278 fulvi
1639 249 1801 289 impleo.
1854 254 2013 288 l’luralem

614 304 644 316 ὓ)

228 319 381 351 adiectivi
406 304 460 365 33,-
489 329 565 350 esse
593 326 670 366 ο),;
707 320 886 351 femininum
921 324 1027 350 autem
1062 328 1138 349 esse
1167 324 1248 367 ἰλὺν
1301 321 1373 351 lloc.
1408 321 1436 351 in
1465 321 1582 353 Coruni
1607 323 1675 353 loco
1702 326 1776 355 Sur.
1804 327 1859 357 55.
1898 340 1928 363 v,
1955 330 2012 362 37,

229 384 374 414 inveniri.

228 480 259 510 1.
282 479 469 511 Hominibus
490 482 653 510 emaciatis
677 482 767 510 diJ-i:
801 480 944 518 Vespera
970 481 1030 508 iter
1048 481 1164 519 facile,
1195 489 1344 519 vespera,
1375 489 1438 518 qua
1462 483 1549 520 apud
1565 482 1750 514 Imm-anum
1771 488 1804 514 r'n
1825 487 1918 517 caula
1937 499 2014 526 per-

1015 535 1220 562 noc-larinum.

327 603 426 634 Poeta
452 604 482 634 in
509 604 570 634 hoc
598 604 778 645 fragmento
806 601 903 648 (conf.
921 604 1002 633 llam
1020 613 1059 642 .p.
1079 604 1121 632 m
1150 603 1167 632 l.
1189 601 1222 635 3,
1249 599 1334 645 infr.)
1363 603 1529 645 gloriatur,
1556 615 1593 635 se
1619 609 1729 637 socios
1757 608 1839 640 same
1867 611 2013 643 adflictos

231 667 261 697 in
286 666 377 697 caula
411 673 653 706 pernoctaturos
681 668 719 697 nd
746 667 806 696 iter
832 666 1011 696 faciendum
1039 665 1220 704 impulisse,
1258 670 1291 694 ut
1328 666 1424 695 rebus
1454 668 1610 706 potiundis
1638 679 1657 699 a
1685 670 1767 701 sume
1795 674 2013 707 liberarentur.

227 730 359 760 Mawan
386 738 487 768 aquae
516 739 626 759 nomen
655 735 703 759 est
733 730 814 758 inter
840 728 942 758 locum
972 727 1110 757 Nakdah
1138 730 1169 756 et
1198 726 1368 757 Rabadsah
1404 729 1483 759 sitae
1520 728 1629 769 (locus
1665 743 1762 772 prope
1788 736 1827 765 ad
1854 738 2013 769 Medinam

230 792 336 832 situs,
372 792 424 821 ubi
452 792 664 822 Abu-Dsnrr
691 791 852 822 Ghil'arila
882 790 1028 830 sepultus
1057 795 1128 827 est,
1156 790 1217 819 hoc
1247 800 1360 820 nomen
1388 791 1512 830 habet).
1565 794 1767 826 Adiectivum
1795 797 1868 848 Cy)
1895 804 2016 831 tantum

228 854 341 884 maciei
371 854 502 895 gradum
530 854 697 896 designat,
726 858 758 884 ut
786 854 904 884 viribus
933 853 1103 883 consumtis
1131 852 1241 882 animal
1269 853 1426 883 concidat.
1480 855 1509 884 A
1538 857 1658 886 camelo
1686 858 1716 887 in
1743 858 1888 891 homines
1907 866 2016 894 trans-

230 918 295 948 lata
321 922 373 948 est
400 927 475 948 vox.

229 1024 261 1052 2.
288 1023 333 1053 L't
353 1026 410 1052 au!
429 1024 546 1052 divitiis
567 1025 732 1060 potiamini
753 1026 809 1051 aee!
829 1025 925 1051 morte
944 1023 1037 1059 qrari
1058 1022 1182 1049 animae
1202 1024 1327 1049 vestrae
1351 1023 1452 1060 quiete
1470 1023 1633 1058 fruantur,
1802 1024 1868 1066 (p.
1893 1026 2016 1069 228.)

329 1092 453 1122 Versus
481 1092 531 1122 hic
557 1102 629 1122 cum
657 1093 847 1132 imperativo
865 1094 973 1135 ⁴0:53
1000 1094 1144 1129 tanquam
1171 1099 1246 1128 pars
1274 1091 1432 1119 sermonis
1460 1100 1659 1131 consequens
1677 1093 1841 1135 cohaeret,
1868 1106 1950 1136 quae
1965 1104 2018 1129 est

232 1154 331 1185 futuri
356 1155 524 1194 apocopati
553 1165 651 1185 causa
680 1155 809 1194 (Gram.
825 1156 880 1184 Ar.
894 1156 930 1184 Τ.
946 1155 983 1183 11.
1001 1164 1020 1193 p
1048 1152 1135 1192 33.).
1162 1153 1317 1194 Eandem,
1345 1164 1439 1194 quam
1467 1155 1610 1185 inversu
1626 1161 1816 1188 sententiam
1833 1160 1915 1199 apud
1929 1162 2017 1192 Mei-

229 1217 354 1247 danium
383 1218 422 1250 C.
455 1219 510 1258 12,
531 1218 609 1248 179.
627 1228 816 1257 expressam
845 1218 1035 1246 invenimus.
1064 1216 1135 1245 1100
1162 1216 1290 1244 veroin
1324 1226 1424 1245 versu
1449 1216 1537 1247 sortis
1565 1218 1688 1248 animae
1715 1219 1808 1250 laude
1826 1230 1863 1250 se
1881 1224 2017 1253 ornavit.

233 1279 436 1310 scholiastes
455 1280 630 1318 adnotavit,
650 1284 679 1311 in
696 1281 806 1310 formis
826 1280 997 1310 verborum
1025 1283 1158 1317 quatuor
1186 1278 1238 1307 vel
1266 1278 1375 1316 plures
1403 1280 1524 1309 litteras
1552 1280 1742 1312 habentibus
1769 1282 1803 1327 (i.
1821 1295 1848 1314 e.
1864 1287 2018 1329 secunda,

231 1343 334 1382 tertia,
358 1348 469 1382 quarta
496 1348 557 1372 etc.
586 1339 701 1385 forma)
731 1342 865 1372 sormam
894 1341 1028 1371 nominis
1057 1340 1190 1370 actionis
1219 1345 1250 1369 et
1278 1340 1434 1379 participii
1461 1342 1594 1380 passivi,
1622 1344 1778 1374 nominum
1807 1346 1864 1376 loci
1890 1352 2018 1388 tempo-

231 1405 341 1444 risque
355 1405 488 1434 eandem
510 1415 594 1435 esse.
632 1406 722 1435 Hanc
750 1406 987 1445 quadruplicem
1012 1403 1104 1432 vocis
1132 1402 1264 1432 sormam
1291 1401 1321 1430 in
1353 1411 1452 1431 versu
1480 1403 1584 1436 locum
1611 1404 1731 1435 habere
1758 1416 1867 1446 posse.
1909 1410 2018 1441 Trium

232 1475 350 1496 sensus
384 1476 479 1506 quum
511 1467 618 1497 clarus
655 1468 720 1504 sit,
758 1467 881 1496 nonnisi
909 1469 1050 1505 quartam
1078 1464 1233 1503 participii
1263 1465 1386 1504 passivi
1415 1474 1490 1495 esse
1511 1476 1530 1496 a
1559 1476 1641 1496 voce
1668 1470 1777 1520 3352„st
1804 1468 1947 1513 (odorem
1974 1475 2020 1504 rei

231 1526 392 1569 percepit)
419 1528 624 1559 derivandam
652 1529 798 1568 dicimus,
829 1533 861 1558 ut
890 1537 1006 1558 sensus
1029 1526 1091 1556 sit:
1120 1526 1202 1556 Cum
1229 1527 1341 1556 animis
1368 1528 1490 1557 vestris
1518 1528 1556 1558 ad
1578 1529 1707 1560 odorem
1726 1538 1909 1572 perceptum
1929 1545 2017 1565 mor-

232 1591 274 1619 tis
312 1590 519 1629 pervenietis.
573 1590 666 1628 Quod
705 1596 808 1621 autem
837 1590 876 1620 ad
903 1588 1092 1619 adiectivum
1121 1599 1207 1639 εἶμι)
1234 1588 1377 1629 adtinet,
1415 1590 1603 1620 Mersukius
1631 1592 1659 1620 ei
1685 1594 1825 1633 gravis
1853 1596 2019 1637 siguifica-

230 1650 346 1680 tionem
373 1651 517 1680 tribuens
551 1661 620 1681 cum
657 1652 717 1682 hac
749 1652 925 1682 cohaerere
960 1651 1086 1690 putavit
1120 1651 1311 1681 adiectivum
1348 1648 1447 1702 csta-Ji
1484 1658 1583 1682 vento
1622 1655 1773 1685 tributum
1807 1662 1840 1686 et
1875 1656 2020 1697 loquendi

230 1712 358 1743 modum
384 1702 467 1752 ..335
495 1721 522 1754 g·
550 1726 607 1766 Cf?
650 1714 795 1744 »adflixit
824 1725 873 1744 me
901 1725 1024 1751 amor«,
1059 1723 1117 1743 nec
1143 1723 1205 1743 non
1232 1710 1303 1758 0215
1330 1720 1358 1753 ὸ-
1387 1725 1447 1765 55³
1479 1715 1625 1753 »quidam
1653 1726 1768 1747 noxam
1795 1719 1866 1749 mihi
1893 1721 2017 1752 intulit«

233 1780 265 1804 et
291 1772 387 1819 &ji
415 1775 485 1827 le
517 1777 587 1805 »vir
616 1787 681 1806 rem
709 1787 866 1818 gravem,
892 1777 1103 1807 admirabilem
1132 1775 1277 1806 adtulit«.
1306 1776 1576 1806 Abu-l'Fadhlum
1604 1779 1630 1807 b.
1662 1780 1806 1810 Alahmid
1837 1783 1908 1823 (qui
1936 1789 2020 1815 tem-

233 1844 310 1874 pore
325 1836 483 1866 Mersukii
503 1838 615 1877 vixit),
643 1838 692 1868 sie
720 1839 817 1868 refert
845 1838 1033 1867 Mersukius
1063 1837 1101 1867 ad
1115 1838 1208 1867 Ham.
1225 1848 1254 1877 p.
1274 1837 1425 1878 fralust„
1451 1840 1594 1870 miratum
1610 1851 1697 1880 esse,
1726 1844 1809 1883 quod
1829 1845 2022 1878 Abu-Tam-

213 1907 381 1938 *mamus,
418 1899 470 1938 qui
497 1908 624 1938 operam
655 1900 799 1940 dederit,
839 1906 873 1930 ut
899 1910 1000 1930 voces
1028 1900 1109 1931 haud
1136 1900 1236 1930 bonas
1263 1902 1473 1941 sordidasque
1503 1909 1703 1943 removeret,
1735 1915 1836 1936 voces
1862 1907 1963 1945 ,ἠμί
1989 1915 2022 1939 et

233 1959 351 2012 3⁸30*
377 1961 406 1990 in
432 1960 493 1991 hoc
521 1965 552 1991 et
579 1963 682 2001 priore
709 1973 808 1993 versu
836 1968 1040 1994 occurrentes
1061 1964 1250 2004 neglexerit.
1288 1966 1358 1996 Hoc
1374 1967 1442 1995 siue
1459 1966 1552 1996 dubio
1581 1967 1758 2010 adnotavit,
1787 1971 1870 2010 quod
1889 1976 2020 2011 utraque

233 2031 298 2052 vox
327 2023 470 2053 latrinam
498 2033 621 2063 quoque
650 2025 821 2066 significat.

231 2125 260 2156 3.
282 2127 366 2156 A'am
388 2129 444 2166 qui
464 2131 524 2157 mei
545 2129 658 2158 similis
677 2130 833 2168 furnilium
856 2131 949 2160 hahet
970 2133 1079 2168 opibus
1102 2143 1225 2167 carens,
1251 2144 1286 2162 se
1307 2136 1340 2162 in
1361 2144 1451 2164 omne
1469 2136 1647 2172 periculum
1671 2139 1819 2176 z'mmitlit,

299 2246 301 2250 .
334 2205 368 2234 lu
394 2204 452 2234 hoc
478 2214 592 2247 versu,
621 2207 674 2246 qui
700 2207 731 2236 in
758 2208 914 2238 Mersukii
943 2209 1054 2239 codice
1081 2220 1143 2239 non
1171 2211 1288 2252 legitur
1315 2222 1411 2242 causa
1438 2214 1553 2255 agendi
1580 2216 1709 2246 rationis
1736 2222 1796 2246 est.
1851 2215 1911 2254 Qui
1939 2226 2020 2256 pau-

234 2276 289 2307 per
315 2267 462 2297 familiam
490 2268 595 2309 habet,
623 2269 652 2299 ei
679 2270 783 2301 omnia
809 2272 1015 2311 suscipienda
1041 2278 1141 2313 sunt,
1169 2279 1203 2303 ut
1232 2283 1272 2304 ex
1298 2274 1502 2306 incommodis
1529 2286 1567 2307 se
1593 2277 1717 2308 liberet.
1772 2279 1845 2308 Vox
1871 2277 1944 2314 κίε-,ς
1971 2284 2020 2310 est

236 2339 292 2369 pro
318 2326 395 2376 υἱὲ,
423 2330 451 2359 id
479 2329 560 2369 quod
587 2331 618 2361 in
643 2332 784 2371 pluribus
811 2334 974 2365 Hamasae
1003 2335 1078 2365 locis
1106 2336 1293 2366 invenimus.

237 2426 270 2454 4.
296 2426 340 2457 Ul
360 2430 417 2456 aut
437 2430 646 2456 excusatione
667 2428 784 2466 ‹Iiynus
806 2430 959 2460 habeatur
981 2435 1038 2461 αιιΙ
1058 2433 1211 2462 desiderio
1230 2437 1390 2474 patititur,
1421 2445 1495 2464 num
1523 2438 1578 2474 qui
1605 2436 1716 2474 efficit,
1748 2439 1785 2464 ut
1812 2439 2021 2468 excusandus

510 2478 517 2487 ‘
538 2482 701 2518 Ιιαόεαίιιν,
724 2486 754 2512 ei
774 2485 888 2514 similis
909 2489 966 2520 est,
991 2489 1046 2525 qui
1065 2497 1237 2525 prosperos
1258 2491 1291 2517 in
1313 2490 1407 2519 rebus
1429 2500 1601 2519 successus
1623 2490 1724 2519 habet.

336 2549 463 2581 Versus
490 2551 540 2582 hic
568 2551 766 2591 explicandis
793 2553 1057 2592 praecedentibus
1084 2557 1239 2599 inservit3
1274 2558 1330 2588 sed
1359 2559 1388 2588 iu
1415 2559 1574 2588 Mersukii
1599 2558 1728 2600 codice,
1767 2560 1818 2590 ubi
1847 2559 1928 2609 ἐμά
1966 2567 2020 2594 nut
