<?xml version="1.0" encoding="UTF-8"?>
<!DOCTYPE html PUBLIC "-//W3C//DTD XHTML 1.0 Transitional//EN"
    "http://www.w3.org/TR/xhtml1/DTD/xhtml1-transitional.dtd">
<html xmlns="http://www.w3.org/1999/xhtml" xml:lang="en" lang="en">
 <head>
  <title>
</title>
<meta http-equiv="Content-Type" content="text/html;charset=utf-8" />
  <meta name='ocr-system' content='tesseract 3.04.00' />
  <meta name='ocr-capabilities' content='ocr_page ocr_carea ocr_par ocr_line ocrx_word'/>
</head>
<body>
  <div class='ocr_page' id='page_1' title='image "./p1hamassaecarmin02abbiuoft_0445.png"; bbox 0 0 2247 2865; ppageno 0'>
   <div class='ocr_carea' id='block_1_1' title="bbox 1000 78 1269 109">
    <p class='ocr_par' dir='ltr' id='par_1_1' title="bbox 1000 78 1269 109">
     <span class='ocr_line' id='line_1_1' title="bbox 1000 78 1269 109; baseline 0.004 -1"><span class='ocrx_word' id='word_1_1' title='bbox 1000 78 1269 109; x_wconf 72' lang='lat'>-409—</span> 
     </span>
    </p>
   </div>
   <div class='ocr_carea' id='block_1_2' title="bbox 227 177 2016 348">
    <p class='ocr_par' dir='ltr' id='par_1_2' title="bbox 227 177 2016 348">
     <span class='ocr_line' id='line_1_2' title="bbox 230 177 2016 228; baseline 0.007 -20"><span class='ocrx_word' id='word_1_2' title='bbox 230 178 339 218; x_wconf 73' lang='lat' dir='ltr'>habet,</span> <span class='ocrx_word' id='word_1_3' title='bbox 367 178 396 208; x_wconf 87' lang='lat' dir='ltr'>id</span> <span class='ocrx_word' id='word_1_4' title='bbox 424 178 494 208; x_wconf 86' lang='lat' dir='ltr'>eius</span> <span class='ocrx_word' id='word_1_5' title='bbox 524 178 607 209; x_wconf 79' lang='lat' dir='ltr'>laudi</span> <span class='ocrx_word' id='word_1_6' title='bbox 635 179 761 208; x_wconf 79' lang='lat' dir='ltr'>servire</span> <span class='ocrx_word' id='word_1_7' title='bbox 788 187 850 208; x_wconf 92' lang='lat' dir='ltr'>non</span> <span class='ocrx_word' id='word_1_8' title='bbox 878 181 993 218; x_wconf 86' lang='lat' dir='ltr'>potest.</span> <span class='ocrx_word' id='word_1_9' title='bbox 1059 177 1200 209; x_wconf 79' lang='lat' dir='ltr'>Caetera</span> <span class='ocrx_word' id='word_1_10' title='bbox 1225 187 1303 208; x_wconf 79' lang='lat' dir='ltr'>vero</span> <span class='ocrx_word' id='word_1_11' title='bbox 1334 178 1474 219; x_wconf 82' lang='lat' dir='ltr'>epitheta</span> <span class='ocrx_word' id='word_1_12' title='bbox 1503 189 1597 219; x_wconf 91' lang='lat' dir='ltr'>quum</span> <span class='ocrx_word' id='word_1_13' title='bbox 1633 183 1714 213; x_wconf 84' lang='lat' dir='ltr'>laudi</span> <span class='ocrx_word' id='word_1_14' title='bbox 1750 185 1947 228; x_wconf 73' lang='lat' dir='ltr'>inserviant,</span> <span class='ocrx_word' id='word_1_15' title='bbox 1984 196 2016 219; x_wconf 91' lang='lat' dir='ltr'>et</span> 
     </span>
     <span class='ocr_line' id='line_1_3' title="bbox 227 240 2010 291; baseline 0.007 -21"><span class='ocrx_word' id='word_1_16' title='bbox 227 240 290 270; x_wconf 86' lang='lat' dir='ltr'>hoc</span> <span class='ocrx_word' id='word_1_17' title='bbox 317 241 400 271; x_wconf 85' lang='lat' dir='ltr'>laudi</span> <span class='ocrx_word' id='word_1_18' title='bbox 427 242 468 271; x_wconf 86' lang='lat' dir='ltr'>sit</span> <span class='ocrx_word' id='word_1_19' title='bbox 497 251 634 272; x_wconf 77' lang='lat' dir='ltr'>necesse</span> <span class='ocrx_word' id='word_1_20' title='bbox 660 240 798 271; x_wconf 85' lang='lat' dir='ltr'>videtur.</span> <span class='ocrx_word' id='word_1_21' title='bbox 851 240 991 271; x_wconf 77' lang='lat' dir='ltr'>Sensum</span> <span class='ocrx_word' id='word_1_22' title='bbox 1020 242 1191 272; x_wconf 80' lang='lat' dir='ltr'>verborum</span> <span class='ocrx_word' id='word_1_23' title='bbox 1219 242 1267 272; x_wconf 88' lang='lat' dir='ltr'>sie</span> <span class='ocrx_word' id='word_1_24' title='bbox 1294 242 1451 283; x_wconf 72' lang='lat' dir='ltr'>intelligo:</span> <span class='ocrx_word' id='word_1_25' title='bbox 1482 243 1538 273; x_wconf 81' lang='lat' dir='ltr'>Pili</span> <span class='ocrx_word' id='word_1_26' title='bbox 1565 244 1634 274; x_wconf 87' lang='lat' dir='ltr'>eius</span> <span class='ocrx_word' id='word_1_27' title='bbox 1663 250 1722 276; x_wconf 84' lang='lat' dir='ltr'>tam</span> <span class='ocrx_word' id='word_1_28' title='bbox 1747 252 1827 279; x_wconf 83' lang='lat' dir='ltr'>curti</span> <span class='ocrx_word' id='word_1_29' title='bbox 1856 256 1946 291; x_wconf 83' lang='lat' dir='ltr'>sunt,</span> <span class='ocrx_word' id='word_1_30' title='bbox 1977 259 2010 284; x_wconf 85' lang='lat' dir='ltr'>ut</span> 
     </span>
     <span class='ocr_line' id='line_1_4' title="bbox 228 303 2015 348; baseline 0.004 -16"><span class='ocrx_word' id='word_1_31' title='bbox 228 303 357 334; x_wconf 81' lang='lat' dir='ltr'>dorsum</span> <span class='ocrx_word' id='word_1_32' title='bbox 383 305 448 335; x_wconf 88' lang='lat' dir='ltr'>eius</span> <span class='ocrx_word' id='word_1_33' title='bbox 477 305 591 336; x_wconf 88' lang='lat' dir='ltr'>nudum</span> <span class='ocrx_word' id='word_1_34' title='bbox 618 304 775 334; x_wconf 83' lang='lat' dir='ltr'>videatur.</span> <span class='ocrx_word' id='word_1_35' title='bbox 829 304 952 343; x_wconf 73' lang='lat' dir='ltr'>Equum</span> <span class='ocrx_word' id='word_1_36' title='bbox 981 303 1106 344; x_wconf 78' lang='lat' dir='ltr'>longum</span> <span class='ocrx_word' id='word_1_37' title='bbox 1139 314 1264 344; x_wconf 87' lang='lat' dir='ltr'>quoque</span> <span class='ocrx_word' id='word_1_38' title='bbox 1299 306 1494 345; x_wconf 83' lang='lat' dir='ltr'>appellavit,</span> <span class='ocrx_word' id='word_1_39' title='bbox 1531 306 1612 345; x_wconf 87' lang='lat' dir='ltr'>quod</span> <span class='ocrx_word' id='word_1_40' title='bbox 1650 308 1732 337; x_wconf 81' lang='lat' dir='ltr'>tales</span> <span class='ocrx_word' id='word_1_41' title='bbox 1769 311 1838 348; x_wconf 85' lang='lat' dir='ltr'>equi</span> <span class='ocrx_word' id='word_1_42' title='bbox 1871 318 2015 343; x_wconf 68' lang='lat' dir='ltr'>caeteros</span> 
     </span>
    </p>
   </div>
   <div class='ocr_carea' id='block_1_3' title="bbox 228 366 828 397">
    <p class='ocr_par' dir='ltr' id='par_1_3' title="bbox 228 366 828 397">
     <span class='ocr_line' id='line_1_5' title="bbox 228 366 828 397; baseline 0 -2"><span class='ocrx_word' id='word_1_43' title='bbox 228 374 342 397; x_wconf 80' lang='lat' dir='ltr'>cursus</span> <span class='ocrx_word' id='word_1_44' title='bbox 369 366 533 397; x_wconf 79' lang='lat' dir='ltr'>celeritate</span> <span class='ocrx_word' id='word_1_45' title='bbox 559 369 687 397; x_wconf 88' lang='lat' dir='ltr'>vincere</span> <span class='ocrx_word' id='word_1_46' title='bbox 713 366 828 395; x_wconf 81' lang='lat' dir='ltr'>solent:</span> 
     </span>
    </p>
   </div>
   <div class='ocr_carea' id='block_1_4' title="bbox 228 474 1944 517">
    <p class='ocr_par' dir='ltr' id='par_1_4' title="bbox 228 474 1944 517">
     <span class='ocr_line' id='line_1_6' title="bbox 228 474 1944 517; baseline 0.005 -15"><span class='ocrx_word' id='word_1_47' title='bbox 228 474 261 504; x_wconf 81' lang='grc'>6.</span> <span class='ocrx_word' id='word_1_48' title='bbox 285 474 383 510; x_wconf 80' lang='lat' dir='ltr'>Quem</span> <span class='ocrx_word' id='word_1_49' title='bbox 403 484 540 512; x_wconf 76' lang='lat' dir='ltr'>persona</span> <span class='ocrx_word' id='word_1_50' title='bbox 561 484 629 504; x_wconf 79' lang='lat' dir='ltr'>mea</span> <span class='ocrx_word' id='word_1_51' title='bbox 651 476 683 503; x_wconf 79' lang='lat' dir='ltr'>in</span> <span class='ocrx_word' id='word_1_52' title='bbox 706 475 796 503; x_wconf 75' lang='lat' dir='ltr'>hellis</span> <span class='ocrx_word' id='word_1_53' title='bbox 819 476 961 514; x_wconf 82' lang='lat' dir='ltr'>defendo,</span> <span class='ocrx_word' id='word_1_54' title='bbox 985 476 1058 504; x_wconf 80' lang='lat' dir='ltr'>dnm</span> <span class='ocrx_word' id='word_1_55' title='bbox 1082 475 1160 505; x_wconf 84' lang='lat' dir='ltr'>collo</span> <span class='ocrx_word' id='word_1_56' title='bbox 1184 478 1252 504; x_wconf 81' lang='lat' dir='ltr'>eius</span> <span class='ocrx_word' id='word_1_57' title='bbox 1275 487 1323 505; x_wconf 79' lang='lat' dir='ltr'>me</span> <span class='ocrx_word' id='word_1_58' title='bbox 1344 480 1442 506; x_wconf 81' lang='lat' dir='ltr'>tueor.</span> <span class='ocrx_word' id='word_1_59' title='bbox 1488 478 1600 508; x_wconf 81' lang='lat' dir='ltr'>Amico</span> <span class='ocrx_word' id='word_1_60' title='bbox 1620 489 1676 517; x_wconf 70' lang='lat' dir='ltr'>eqo</span> <span class='ocrx_word' id='word_1_61' title='bbox 1700 481 1830 510; x_wconf 81' lang='lat' dir='ltr'>mullum</span> <span class='ocrx_word' id='word_1_62' title='bbox 1855 483 1944 513; x_wconf 74' lang='lat' dir='ltr'>datm,</span> 
     </span>
    </p>
   </div>
   <div class='ocr_carea' id='block_1_5' title="bbox 227 543 2016 961">
    <p class='ocr_par' dir='ltr' id='par_1_5' title="bbox 227 543 2016 961">
     <span class='ocr_line' id='line_1_7' title="bbox 327 543 2016 592; baseline 0.005 -19"><span class='ocrx_word' id='word_1_63' title='bbox 327 543 509 582; x_wconf 77' lang='lat' dir='ltr'>Rationem,</span> <span class='ocrx_word' id='word_1_64' title='bbox 536 553 596 583; x_wconf 89' lang='lat' dir='ltr'>qua</span> <span class='ocrx_word' id='word_1_65' title='bbox 624 554 695 574; x_wconf 90' lang='lat' dir='ltr'>cum</span> <span class='ocrx_word' id='word_1_66' title='bbox 713 554 794 583; x_wconf 82' lang='lat' dir='ltr'>equo</span> <span class='ocrx_word' id='word_1_67' title='bbox 814 554 874 574; x_wconf 91' lang='lat' dir='ltr'>suo</span> <span class='ocrx_word' id='word_1_68' title='bbox 892 545 1082 575; x_wconf 86' lang='lat' dir='ltr'>coniunctus</span> <span class='ocrx_word' id='word_1_69' title='bbox 1102 546 1156 585; x_wconf 80' lang='lat' dir='ltr'>sit,</span> <span class='ocrx_word' id='word_1_70' title='bbox 1185 550 1335 585; x_wconf 76' lang='lat' dir='ltr'>tanquam</span> <span class='ocrx_word' id='word_1_71' title='bbox 1352 547 1520 578; x_wconf 90' lang='lat' dir='ltr'>amicorum</span> <span class='ocrx_word' id='word_1_72' title='bbox 1543 548 1674 579; x_wconf 86' lang='lat' dir='ltr'>duorum</span> <span class='ocrx_word' id='word_1_73' title='bbox 1694 549 1857 592; x_wconf 63' lang='lat' dir='ltr'>describit,</span> <span class='ocrx_word' id='word_1_74' title='bbox 1885 562 2016 592; x_wconf 89' lang='lat' dir='ltr'>quorum</span> 
     </span>
     <span class='ocr_line' id='line_1_8' title="bbox 229 608 2016 656; baseline 0.001 -18"><span class='ocrx_word' id='word_1_75' title='bbox 229 617 310 638; x_wconf 91' lang='lat' dir='ltr'>unus</span> <span class='ocrx_word' id='word_1_76' title='bbox 336 608 467 638; x_wconf 82' lang='lat' dir='ltr'>alterum</span> <span class='ocrx_word' id='word_1_77' title='bbox 495 608 644 639; x_wconf 76' lang='lat' dir='ltr'>defendit.</span> <span class='ocrx_word' id='word_1_78' title='bbox 699 609 807 648; x_wconf 80' lang='lat' dir='ltr'>Eques</span> <span class='ocrx_word' id='word_1_79' title='bbox 835 608 966 647; x_wconf 87' lang='lat' dir='ltr'>pedibus</span> <span class='ocrx_word' id='word_1_80' title='bbox 1005 608 1073 636; x_wconf 82' lang='lat' dir='ltr'>suis</span> <span class='ocrx_word' id='word_1_81' title='bbox 1108 617 1221 646; x_wconf 87' lang='lat' dir='ltr'>equum</span> <span class='ocrx_word' id='word_1_82' title='bbox 1255 614 1382 651; x_wconf 75' lang='lat' dir='ltr'>tuetur,</span> <span class='ocrx_word' id='word_1_83' title='bbox 1410 620 1449 640; x_wconf 88' lang='lat' dir='ltr'>ne</span> <span class='ocrx_word' id='word_1_84' title='bbox 1477 612 1506 640; x_wconf 90' lang='lat' dir='ltr'>in</span> <span class='ocrx_word' id='word_1_85' title='bbox 1535 612 1652 651; x_wconf 78' lang='lat' dir='ltr'>latere,</span> <span class='ocrx_word' id='word_1_86' title='bbox 1691 624 1747 652; x_wconf 85' lang='lat' dir='ltr'>per</span> <span class='ocrx_word' id='word_1_87' title='bbox 1775 615 1856 653; x_wconf 85' lang='lat' dir='ltr'>quod</span> <span class='ocrx_word' id='word_1_88' title='bbox 1885 617 1913 645; x_wconf 92' lang='lat' dir='ltr'>in</span> <span class='ocrx_word' id='word_1_89' title='bbox 1943 618 2016 656; x_wconf 82' lang='lat' dir='ltr'>pul..</span> 
     </span>
     <span class='ocr_line' id='line_1_9' title="bbox 228 671 2016 720; baseline 0.005 -19"><span class='ocrx_word' id='word_1_90' title='bbox 228 680 351 702; x_wconf 89' lang='lat' dir='ltr'>monem</span> <span class='ocrx_word' id='word_1_91' title='bbox 379 677 411 701; x_wconf 85' lang='lat' dir='ltr'>et</span> <span class='ocrx_word' id='word_1_92' title='bbox 434 681 489 701; x_wconf 91' lang='lat' dir='ltr'>cor</span> <span class='ocrx_word' id='word_1_93' title='bbox 516 672 608 702; x_wconf 84' lang='lat' dir='ltr'>intrat</span> <span class='ocrx_word' id='word_1_94' title='bbox 633 672 766 712; x_wconf 66' lang='lat' dir='ltr'>sagitta,</span> <span class='ocrx_word' id='word_1_95' title='bbox 794 671 991 710; x_wconf 75' lang='lat' dir='ltr'>vulneretur,</span> <span class='ocrx_word' id='word_1_96' title='bbox 1023 680 1120 710; x_wconf 83' lang='lat' dir='ltr'>eques</span> <span class='ocrx_word' id='word_1_97' title='bbox 1148 677 1254 702; x_wconf 85' lang='lat' dir='ltr'>autem</span> <span class='ocrx_word' id='word_1_98' title='bbox 1282 678 1314 702; x_wconf 86' lang='lat' dir='ltr'>et</span> <span class='ocrx_word' id='word_1_99' title='bbox 1343 678 1456 712; x_wconf 84' lang='lat' dir='ltr'>pectus</span> <span class='ocrx_word' id='word_1_100' title='bbox 1483 680 1515 704; x_wconf 86' lang='lat' dir='ltr'>et</span> <span class='ocrx_word' id='word_1_101' title='bbox 1544 681 1690 706; x_wconf 87' lang='lat' dir='ltr'>ventrem</span> <span class='ocrx_word' id='word_1_102' title='bbox 1718 688 1811 708; x_wconf 80' lang='lat' dir='ltr'>suum</span> <span class='ocrx_word' id='word_1_103' title='bbox 1839 680 1919 709; x_wconf 73' lang='lat' dir='ltr'>eollo</span> <span class='ocrx_word' id='word_1_104' title='bbox 1943 683 2016 720; x_wconf 91' lang='lat' dir='ltr'>equi</span> 
     </span>
     <span class='ocr_line' id='line_1_10' title="bbox 228 733 2015 781; baseline 0.005 -17"><span class='ocrx_word' id='word_1_105' title='bbox 228 738 344 764; x_wconf 85' lang='lat' dir='ltr'>tuetur.</span> <span class='ocrx_word' id='word_1_106' title='bbox 395 734 580 764; x_wconf 78' lang='lat' dir='ltr'>Mersukius</span> <span class='ocrx_word' id='word_1_107' title='bbox 607 739 714 763; x_wconf 86' lang='lat' dir='ltr'>autem</span> <span class='ocrx_word' id='word_1_108' title='bbox 742 733 840 771; x_wconf 80' lang='lat' dir='ltr'>dixit,</span> <span class='ocrx_word' id='word_1_109' title='bbox 868 733 994 762; x_wconf 79' lang='lat' dir='ltr'>Arabes</span> <span class='ocrx_word' id='word_1_110' title='bbox 1021 738 1053 762; x_wconf 82' lang='lat' dir='ltr'>et</span> <span class='ocrx_word' id='word_1_111' title='bbox 1081 742 1168 763; x_wconf 83' lang='lat' dir='ltr'>arma</span> <span class='ocrx_word' id='word_1_112' title='bbox 1197 738 1229 763; x_wconf 87' lang='lat' dir='ltr'>et</span> <span class='ocrx_word' id='word_1_113' title='bbox 1256 744 1356 773; x_wconf 85' lang='lat' dir='ltr'>equos</span> <span class='ocrx_word' id='word_1_114' title='bbox 1384 738 1502 765; x_wconf 80' lang='lat' dir='ltr'>amicos</span> <span class='ocrx_word' id='word_1_115' title='bbox 1530 738 1701 776; x_wconf 83' lang='lat' dir='ltr'>appellare.</span> <span class='ocrx_word' id='word_1_116' title='bbox 1757 740 1880 771; x_wconf 75' lang='lat' dir='ltr'>Noster</span> <span class='ocrx_word' id='word_1_117' title='bbox 1908 743 2015 781; x_wconf 75' lang='lat' dir='ltr'>igitur,</span> 
     </span>
     <span class='ocr_line' id='line_1_11' title="bbox 227 794 2015 843; baseline 0.003 -18"><span class='ocrx_word' id='word_1_118' title='bbox 227 805 265 825; x_wconf 80' lang='lat' dir='ltr'>se</span> <span class='ocrx_word' id='word_1_119' title='bbox 293 805 408 834; x_wconf 90' lang='lat' dir='ltr'>equum</span> <span class='ocrx_word' id='word_1_120' title='bbox 442 798 535 825; x_wconf 80' lang='lat' dir='ltr'>amici</span> <span class='ocrx_word' id='word_1_121' title='bbox 569 796 638 825; x_wconf 83' lang='lat' dir='ltr'>loco</span> <span class='ocrx_word' id='word_1_122' title='bbox 667 795 802 834; x_wconf 72' lang='lat' dir='ltr'>habere,</span> <span class='ocrx_word' id='word_1_123' title='bbox 840 795 972 835; x_wconf 76' lang='lat' dir='ltr'>intelligi</span> <span class='ocrx_word' id='word_1_124' title='bbox 999 795 1079 825; x_wconf 85' lang='lat' dir='ltr'>vult.</span> <span class='ocrx_word' id='word_1_125' title='bbox 1133 796 1212 825; x_wconf 73' lang='lat' dir='ltr'>Voci</span> <span class='ocrx_word' id='word_1_126' title='bbox 1238 794 1345 837; x_wconf 49' lang='grc' dir='ltr'>ὁμο),</span> <span class='ocrx_word' id='word_1_127' title='bbox 1379 803 1414 828; x_wconf 86' lang='lat' dir='ltr'>ut</span> <span class='ocrx_word' id='word_1_128' title='bbox 1440 799 1470 828; x_wconf 90' lang='lat' dir='ltr'>in</span> <span class='ocrx_word' id='word_1_129' title='bbox 1497 800 1612 829; x_wconf 76' lang='lat' dir='ltr'>Haririi</span> <span class='ocrx_word' id='word_1_130' title='bbox 1642 801 1710 831; x_wconf 91' lang='lat' dir='ltr'>loco</span> <span class='ocrx_word' id='word_1_131' title='bbox 1739 812 1767 841; x_wconf 89' lang='lat' dir='ltr'>p.</span> <span class='ocrx_word' id='word_1_132' title='bbox 1798 802 1868 843; x_wconf 55' lang='lat' dir='ltr'>fvt,</span> <span class='ocrx_word' id='word_1_133' title='bbox 1897 804 2015 843; x_wconf 71' lang='lat' dir='ltr'>duplex</span> 
     </span>
     <span class='ocr_line' id='line_1_12' title="bbox 227 856 2015 898; baseline 0.005 -11"><span class='ocrx_word' id='word_1_134' title='bbox 227 856 419 898; x_wconf 83' lang='lat' dir='ltr'>significatio</span> <span class='ocrx_word' id='word_1_135' title='bbox 447 858 507 887; x_wconf 78' lang='lat' dir='ltr'>hoc</span> <span class='ocrx_word' id='word_1_136' title='bbox 534 858 564 887; x_wconf 91' lang='lat' dir='ltr'>in</span> <span class='ocrx_word' id='word_1_137' title='bbox 592 867 688 887; x_wconf 84' lang='lat' dir='ltr'>versu</span> <span class='ocrx_word' id='word_1_138' title='bbox 716 858 805 888; x_wconf 85' lang='lat' dir='ltr'>tribui</span> <span class='ocrx_word' id='word_1_139' title='bbox 835 864 955 897; x_wconf 81' lang='lat' dir='ltr'>potest,</span> <span class='ocrx_word' id='word_1_140' title='bbox 985 861 1017 887; x_wconf 91' lang='lat' dir='ltr'>ut</span> <span class='ocrx_word' id='word_1_141' title='bbox 1045 863 1099 888; x_wconf 85' lang='lat' dir='ltr'>aut</span> <span class='ocrx_word' id='word_1_142' title='bbox 1132 858 1264 888; x_wconf 86' lang='lat' dir='ltr'>multum</span> <span class='ocrx_word' id='word_1_143' title='bbox 1292 859 1461 891; x_wconf 87' lang='lat' dir='ltr'>donantem</span> <span class='ocrx_word' id='word_1_144' title='bbox 1489 868 1543 891; x_wconf 87' lang='lat' dir='ltr'>aut</span> <span class='ocrx_word' id='word_1_145' title='bbox 1572 863 1702 893; x_wconf 86' lang='lat' dir='ltr'>multum</span> <span class='ocrx_word' id='word_1_146' title='bbox 1726 866 1925 896; x_wconf 86' lang='lat' dir='ltr'>coniunctum</span> <span class='ocrx_word' id='word_1_147' title='bbox 1954 867 2015 897; x_wconf 91' lang='lat' dir='ltr'>de-</span> 
     </span>
     <span class='ocr_line' id='line_1_13' title="bbox 227 919 2016 961; baseline 0.006 -12"><span class='ocrx_word' id='word_1_148' title='bbox 227 922 356 960; x_wconf 81' lang='lat' dir='ltr'>signet3</span> <span class='ocrx_word' id='word_1_149' title='bbox 392 922 420 949; x_wconf 84' lang='lat' dir='ltr'>is</span> <span class='ocrx_word' id='word_1_150' title='bbox 447 920 543 956; x_wconf 83' lang='lat' dir='ltr'>euim,</span> <span class='ocrx_word' id='word_1_151' title='bbox 571 920 622 958; x_wconf 85' lang='lat' dir='ltr'>qui</span> <span class='ocrx_word' id='word_1_152' title='bbox 649 920 780 949; x_wconf 88' lang='lat' dir='ltr'>alterum</span> <span class='ocrx_word' id='word_1_153' title='bbox 809 919 950 958; x_wconf 90' lang='lat' dir='ltr'>periculo</span> <span class='ocrx_word' id='word_1_154' title='bbox 975 929 1035 950; x_wconf 90' lang='lat' dir='ltr'>suo</span> <span class='ocrx_word' id='word_1_155' title='bbox 1064 920 1217 961; x_wconf 79' lang='lat' dir='ltr'>defendit,</span> <span class='ocrx_word' id='word_1_156' title='bbox 1244 927 1277 951; x_wconf 90' lang='lat' dir='ltr'>et</span> <span class='ocrx_word' id='word_1_157' title='bbox 1303 923 1434 953; x_wconf 85' lang='lat' dir='ltr'>multum</span> <span class='ocrx_word' id='word_1_158' title='bbox 1461 924 1581 955; x_wconf 85' lang='lat' dir='ltr'>donans</span> <span class='ocrx_word' id='word_1_159' title='bbox 1611 931 1643 956; x_wconf 93' lang='lat' dir='ltr'>et</span> <span class='ocrx_word' id='word_1_160' title='bbox 1670 928 1801 958; x_wconf 89' lang='lat' dir='ltr'>multum</span> <span class='ocrx_word' id='word_1_161' title='bbox 1829 929 2016 959; x_wconf 84' lang='lat' dir='ltr'>coniunctus</span> 
     </span>
    </p>
   </div>
   <div class='ocr_carea' id='block_1_6' title="bbox 227 979 914 1021">
    <p class='ocr_par' dir='ltr' id='par_1_6' title="bbox 227 979 914 1021">
     <span class='ocr_line' id='line_1_14' title="bbox 227 979 914 1021; baseline -0.001 -9"><span class='ocrx_word' id='word_1_162' title='bbox 227 979 363 1013; x_wconf 73' lang='lat' dir='ltr'>amicitia</span> <span class='ocrx_word' id='word_1_163' title='bbox 391 992 462 1012; x_wconf 86' lang='lat' dir='ltr'>cum</span> <span class='ocrx_word' id='word_1_164' title='bbox 489 982 589 1012; x_wconf 80' lang='lat' dir='ltr'>altero</span> <span class='ocrx_word' id='word_1_165' title='bbox 617 982 768 1021; x_wconf 84' lang='lat' dir='ltr'>appellari</span> <span class='ocrx_word' id='word_1_166' title='bbox 796 987 914 1021; x_wconf 85' lang='lat' dir='ltr'>potest.</span> 
     </span>
    </p>
   </div>
   <div class='ocr_carea' id='block_1_7' title="bbox 227 1077 2020 1559">
    <p class='ocr_par' dir='ltr' id='par_1_7' title="bbox 227 1077 2020 1242">
     <span class='ocr_line' id='line_1_15' title="bbox 1035 1077 1205 1110; baseline -0.012 0"><span class='ocrx_word' id='word_1_167' title='bbox 1035 1077 1205 1110; x_wconf 67' lang='lat' dir='ltr'><strong>(JLHX.</strong></span> 
     </span>
     <span class='ocr_line' id='line_1_16' title="bbox 227 1141 2020 1191; baseline 0.006 -16"><span class='ocrx_word' id='word_1_168' title='bbox 227 1141 367 1176; x_wconf 72' lang='lat' dir='ltr'>Dixit</span> <span class='ocrx_word' id='word_1_169' title='bbox 391 1141 520 1175; x_wconf 78' lang='lat' dir='ltr'>Kais</span> <span class='ocrx_word' id='word_1_170' title='bbox 543 1142 591 1175; x_wconf 81' lang='lat' dir='ltr'>b.</span> <span class='ocrx_word' id='word_1_171' title='bbox 614 1141 793 1176; x_wconf 79' lang='lat' dir='ltr'>Sohah·</span> <span class='ocrx_word' id='word_1_172' title='bbox 816 1141 865 1175; x_wconf 82' lang='lat' dir='ltr'>in</span> <span class='ocrx_word' id='word_1_173' title='bbox 890 1142 1016 1176; x_wconf 76' lang='lat' dir='ltr'>filios</span> <span class='ocrx_word' id='word_1_174' title='bbox 1041 1142 1200 1184; x_wconf 75' lang='lat' dir='ltr'>stjadi</span> <span class='ocrx_word' id='word_1_175' title='bbox 1225 1152 1401 1185; x_wconf 77' lang='lat' dir='ltr'>nempe</span> <span class='ocrx_word' id='word_1_176' title='bbox 1431 1145 1656 1191; x_wconf 69' lang='lat' dir='ltr'>Rabial=9</span> <span class='ocrx_word' id='word_1_177' title='bbox 1685 1148 1940 1183; x_wconf 69' lang='lat' dir='ltr'>olnam-ah</span> <span class='ocrx_word' id='word_1_178' title='bbox 1973 1154 2020 1185; x_wconf 77' lang='lat' dir='ltr'>et</span> 
     </span>
     <span class='ocr_line' id='line_1_17' title="bbox 615 1197 1620 1242; baseline 0.002 -11"><span class='ocrx_word' id='word_1_179' title='bbox 615 1198 767 1242; x_wconf 64' lang='lat' dir='ltr'>All-«153</span> <span class='ocrx_word' id='word_1_180' title='bbox 792 1197 875 1239; x_wconf 83' lang='lat' dir='ltr'>qui</span> <span class='ocrx_word' id='word_1_181' title='bbox 900 1197 1108 1239; x_wconf 74' lang='lat' dir='ltr'>pen-secti</span> <span class='ocrx_word' id='word_1_182' title='bbox 1133 1198 1620 1239; x_wconf 69' lang='lat' dir='ltr'>cognominabantur.</span> 
     </span>
    </p>

    <p class='ocr_par' dir='ltr' id='par_1_8' title="bbox 227 1269 2020 1559">
     <span class='ocr_line' id='line_1_18' title="bbox 328 1269 2019 1314; baseline 0.002 -14"><span class='ocrx_word' id='word_1_183' title='bbox 328 1269 473 1309; x_wconf 82' lang='lat' dir='ltr'>Nescio,</span> <span class='ocrx_word' id='word_1_184' title='bbox 511 1279 566 1300; x_wconf 88' lang='lat' dir='ltr'>cur</span> <span class='ocrx_word' id='word_1_185' title='bbox 595 1269 786 1300; x_wconf 84' lang='lat' dir='ltr'>scholiastes</span> <span class='ocrx_word' id='word_1_186' title='bbox 825 1274 969 1308; x_wconf 86' lang='lat' dir='ltr'>quartum</span> <span class='ocrx_word' id='word_1_187' title='bbox 999 1270 1168 1309; x_wconf 88' lang='lat' dir='ltr'>(memoria</span> <span class='ocrx_word' id='word_1_188' title='bbox 1198 1271 1378 1309; x_wconf 85' lang='lat' dir='ltr'>tenentem)</span> <span class='ocrx_word' id='word_1_189' title='bbox 1407 1271 1559 1300; x_wconf 82' lang='lat' dir='ltr'>omiserit.</span> <span class='ocrx_word' id='word_1_190' title='bbox 1620 1272 1786 1303; x_wconf 83' lang='lat' dir='ltr'>Fathimae</span> <span class='ocrx_word' id='word_1_191' title='bbox 1815 1273 1908 1314; x_wconf 69' lang='lat' dir='ltr'>enim,</span> <span class='ocrx_word' id='word_1_192' title='bbox 1936 1274 2019 1304; x_wconf 88' lang='lat' dir='ltr'>filiae</span> 
     </span>
     <span class='ocr_line' id='line_1_19' title="bbox 228 1331 2019 1374; baseline 0.002 -12"><span class='ocrx_word' id='word_1_193' title='bbox 228 1331 472 1371; x_wconf 73' lang='lat' dir='ltr'>Alchorschobi,</span> <span class='ocrx_word' id='word_1_194' title='bbox 503 1337 638 1371; x_wconf 89' lang='lat' dir='ltr'>quatuor</span> <span class='ocrx_word' id='word_1_195' title='bbox 656 1337 746 1361; x_wconf 86' lang='lat' dir='ltr'>erant</span> <span class='ocrx_word' id='word_1_196' title='bbox 770 1331 824 1361; x_wconf 84' lang='lat' dir='ltr'>filii</span> <span class='ocrx_word' id='word_1_197' title='bbox 848 1333 1054 1373; x_wconf 65' lang='lat' dir='ltr'>celeberrimi,</span> <span class='ocrx_word' id='word_1_198' title='bbox 1071 1332 1194 1362; x_wconf 84' lang='lat' dir='ltr'>Rabiah</span> <span class='ocrx_word' id='word_1_199' title='bbox 1212 1333 1347 1362; x_wconf 80' lang='lat' dir='ltr'>Aleamil</span> <span class='ocrx_word' id='word_1_200' title='bbox 1368 1332 1572 1374; x_wconf 65' lang='lat' dir='ltr'>(perfectusg</span> <span class='ocrx_word' id='word_1_201' title='bbox 1601 1334 1658 1364; x_wconf 87' lang='lat' dir='ltr'>sed</span> <span class='ocrx_word' id='word_1_202' title='bbox 1686 1335 1714 1364; x_wconf 89' lang='lat' dir='ltr'>iu</span> <span class='ocrx_word' id='word_1_203' title='bbox 1732 1336 1889 1365; x_wconf 83' lang='lat' dir='ltr'>Mersukii</span> <span class='ocrx_word' id='word_1_204' title='bbox 1910 1336 2019 1367; x_wconf 88' lang='lat' dir='ltr'>codiee</span> 
     </span>
     <span class='ocr_line' id='line_1_20' title="bbox 228 1392 2020 1442; baseline 0.002 -18"><span class='ocrx_word' id='word_1_205' title='bbox 228 1398 259 1424; x_wconf 87' lang='lat' dir='ltr'>et</span> <span class='ocrx_word' id='word_1_206' title='bbox 286 1393 418 1424; x_wconf 82' lang='lat' dir='ltr'>scholiis</span> <span class='ocrx_word' id='word_1_207' title='bbox 445 1395 565 1423; x_wconf 82' lang='lat' dir='ltr'>nostris</span> <span class='ocrx_word' id='word_1_208' title='bbox 601 1392 706 1435; x_wconf 59' lang='lat'>2-{2&#39;2&#39;5335</span> <span class='ocrx_word' id='word_1_209' title='bbox 734 1406 799 1442; x_wconf 50' lang='grc' dir='ltr'>ὃς)</span> <span class='ocrx_word' id='word_1_210' title='bbox 827 1394 930 1424; x_wconf 82' lang='lat' dir='ltr'>Rabih</span> <span class='ocrx_word' id='word_1_211' title='bbox 958 1394 1148 1435; x_wconf 77' lang='lat' dir='ltr'>strenuus]7</span> <span class='ocrx_word' id='word_1_212' title='bbox 1188 1394 1347 1424; x_wconf 86' lang='lat' dir='ltr'>Ohmarah</span> <span class='ocrx_word' id='word_1_213' title='bbox 1374 1395 1553 1425; x_wconf 76' lang='lat' dir='ltr'>Alwahhab</span> <span class='ocrx_word' id='word_1_214' title='bbox 1582 1396 1770 1435; x_wconf 84' lang='lat' dir='ltr'>(donator),</span> <span class='ocrx_word' id='word_1_215' title='bbox 1808 1399 1898 1428; x_wconf 81' lang='lat' dir='ltr'>Anas</span> <span class='ocrx_word' id='word_1_216' title='bbox 1926 1398 2020 1429; x_wconf 80' lang='lat' dir='ltr'>Alfa-</span> 
     </span>
     <span class='ocr_line' id='line_1_21' title="bbox 227 1456 2017 1500; baseline 0.001 -13"><span class='ocrx_word' id='word_1_217' title='bbox 227 1457 325 1487; x_wconf 84' lang='lat' dir='ltr'>waris</span> <span class='ocrx_word' id='word_1_218' title='bbox 354 1457 512 1497; x_wconf 87' lang='lat' dir='ltr'>(optimus</span> <span class='ocrx_word' id='word_1_219' title='bbox 539 1458 655 1497; x_wconf 85' lang='lat' dir='ltr'>eques)</span> <span class='ocrx_word' id='word_1_220' title='bbox 690 1463 723 1487; x_wconf 81' lang='lat' dir='ltr'>et</span> <span class='ocrx_word' id='word_1_221' title='bbox 759 1457 880 1487; x_wconf 83' lang='lat' dir='ltr'>Kaisus</span> <span class='ocrx_word' id='word_1_222' title='bbox 919 1456 1080 1486; x_wconf 75' lang='lat' dir='ltr'>Alliafiths</span> <span class='ocrx_word' id='word_1_223' title='bbox 1114 1457 1284 1495; x_wconf 86' lang='lat' dir='ltr'>(memoria</span> <span class='ocrx_word' id='word_1_224' title='bbox 1319 1458 1448 1493; x_wconf 85' lang='lat' dir='ltr'>tenens)</span> <span class='ocrx_word' id='word_1_225' title='bbox 1484 1457 1586 1490; x_wconf 85' lang='lat' dir='ltr'>conf.</span> <span class='ocrx_word' id='word_1_226' title='bbox 1614 1459 1752 1488; x_wconf 79' lang='lat' dir='ltr'>Meidan.</span> <span class='ocrx_word' id='word_1_227' title='bbox 1783 1459 1820 1489; x_wconf 90' lang='lat' dir='ltr'>C.</span> <span class='ocrx_word' id='word_1_228' title='bbox 1849 1460 1907 1500; x_wconf 70' lang='grc'>25,</span> <span class='ocrx_word' id='word_1_229' title='bbox 1939 1460 2017 1489; x_wconf 81' lang='grc'><strong>104.</strong></span> 
     </span>
     <span class='ocr_line' id='line_1_22' title="bbox 227 1519 2019 1559; baseline 0.003 -10"><span class='ocrx_word' id='word_1_230' title='bbox 227 1520 396 1550; x_wconf 88' lang='lat' dir='ltr'>Somnians</span> <span class='ocrx_word' id='word_1_231' title='bbox 419 1524 524 1549; x_wconf 87' lang='lat' dir='ltr'>autem</span> <span class='ocrx_word' id='word_1_232' title='bbox 552 1520 662 1550; x_wconf 88' lang='lat' dir='ltr'>mulier</span> <span class='ocrx_word' id='word_1_233' title='bbox 687 1520 810 1549; x_wconf 87' lang='lat' dir='ltr'>nonnisi</span> <span class='ocrx_word' id='word_1_234' title='bbox 838 1519 877 1549; x_wconf 87' lang='lat' dir='ltr'>de</span> <span class='ocrx_word' id='word_1_235' title='bbox 904 1519 1002 1549; x_wconf 85' lang='lat' dir='ltr'>tribus</span> <span class='ocrx_word' id='word_1_236' title='bbox 1032 1519 1105 1548; x_wconf 87' lang='lat' dir='ltr'>filiis</span> <span class='ocrx_word' id='word_1_237' title='bbox 1133 1519 1363 1559; x_wconf 80' lang='lat' dir='ltr'>interrogatam</span> <span class='ocrx_word' id='word_1_238' title='bbox 1390 1529 1477 1557; x_wconf 83' lang='lat' dir='ltr'>esse,</span> <span class='ocrx_word' id='word_1_239' title='bbox 1504 1520 1696 1551; x_wconf 83' lang='lat' dir='ltr'>scholiastes</span> <span class='ocrx_word' id='word_1_240' title='bbox 1724 1522 1899 1553; x_wconf 83' lang='lat' dir='ltr'>adnotavit.</span> <span class='ocrx_word' id='word_1_241' title='bbox 1939 1524 2019 1554; x_wconf 86' lang='lat' dir='ltr'>Kais</span> 
     </span>
    </p>
   </div>
   <div class='ocr_carea' id='block_1_8' title="bbox 229 1581 2018 1626">
    <p class='ocr_par' dir='ltr' id='par_1_9' title="bbox 229 1581 2018 1626">
     <span class='ocr_line' id='line_1_23' title="bbox 229 1581 2018 1626; baseline 0.003 -16"><span class='ocrx_word' id='word_1_242' title='bbox 229 1581 257 1611; x_wconf 92' lang='lat' dir='ltr'>b.</span> <span class='ocrx_word' id='word_1_243' title='bbox 274 1581 391 1611; x_wconf 86' lang='lat' dir='ltr'>Sohair</span> <span class='ocrx_word' id='word_1_244' title='bbox 406 1587 512 1612; x_wconf 88' lang='lat' dir='ltr'>autem</span> <span class='ocrx_word' id='word_1_245' title='bbox 529 1582 593 1623; x_wconf 68' lang='lat' dir='ltr'>ille7</span> <span class='ocrx_word' id='word_1_246' title='bbox 608 1581 690 1612; x_wconf 90' lang='lat' dir='ltr'>filius</span> <span class='ocrx_word' id='word_1_247' title='bbox 706 1582 914 1622; x_wconf 79' lang='lat' dir='ltr'>Djadsimalii,</span> <span class='ocrx_word' id='word_1_248' title='bbox 934 1582 1085 1621; x_wconf 86' lang='lat' dir='ltr'>appellati</span> <span class='ocrx_word' id='word_1_249' title='bbox 1102 1582 1201 1611; x_wconf 84' lang='lat' dir='ltr'>Dahis</span> <span class='ocrx_word' id='word_1_250' title='bbox 1217 1582 1290 1621; x_wconf 90' lang='lat' dir='ltr'>equi</span> <span class='ocrx_word' id='word_1_251' title='bbox 1307 1591 1477 1620; x_wconf 83' lang='lat' dir='ltr'>possessor</span> <span class='ocrx_word' id='word_1_252' title='bbox 1493 1588 1562 1612; x_wconf 89' lang='lat' dir='ltr'>erat</span> <span class='ocrx_word' id='word_1_253' title='bbox 1580 1584 1680 1622; x_wconf 82' lang='lat' dir='ltr'>(conf.</span> <span class='ocrx_word' id='word_1_254' title='bbox 1695 1585 1790 1614; x_wconf 83' lang='lat' dir='ltr'>Meid.</span> <span class='ocrx_word' id='word_1_255' title='bbox 1803 1586 1840 1615; x_wconf 89' lang='lat' dir='ltr'>C.</span> <span class='ocrx_word' id='word_1_256' title='bbox 1857 1586 1914 1626; x_wconf 83' lang='grc'>21,</span> <span class='ocrx_word' id='word_1_257' title='bbox 1930 1586 2018 1626; x_wconf 86' lang='grc'>96.).</span> 
     </span>
    </p>
   </div>
   <div class='ocr_carea' id='block_1_9' title="bbox 228 1691 2020 1775">
    <p class='ocr_par' dir='ltr' id='par_1_10' title="bbox 228 1691 2020 1775">
     <span class='ocr_line' id='line_1_24' title="bbox 228 1691 2020 1736; baseline 0.002 -15"><span class='ocrx_word' id='word_1_258' title='bbox 228 1692 256 1721; x_wconf 81' lang='lat'>1.</span> <span class='ocrx_word' id='word_1_259' title='bbox 280 1692 344 1722; x_wconf 84' lang='lat' dir='ltr'>Per</span> <span class='ocrx_word' id='word_1_260' title='bbox 374 1694 469 1721; x_wconf 80' lang='lat' dir='ltr'>vitam</span> <span class='ocrx_word' id='word_1_261' title='bbox 496 1691 604 1721; x_wconf 80' lang='lat' dir='ltr'>tuam!</span> <span class='ocrx_word' id='word_1_262' title='bbox 635 1692 714 1722; x_wconf 81' lang='lat' dir='ltr'>Filii</span> <span class='ocrx_word' id='word_1_263' title='bbox 741 1691 848 1730; x_wconf 81' lang='lat' dir='ltr'>Sijadi</span> <span class='ocrx_word' id='word_1_264' title='bbox 872 1695 976 1730; x_wconf 76' lang='lat' dir='ltr'>patris·</span> <span class='ocrx_word' id='word_1_265' title='bbox 1008 1694 1062 1721; x_wconf 84' lang='lat' dir='ltr'>sui</span> <span class='ocrx_word' id='word_1_266' title='bbox 1088 1692 1270 1728; x_wconf 71' lang='lat' dir='ltr'>‹Iiym&#39;tatem</span> <span class='ocrx_word' id='word_1_267' title='bbox 1301 1701 1364 1721; x_wconf 81' lang='lat' dir='ltr'>mm</span> <span class='ocrx_word' id='word_1_268' title='bbox 1395 1695 1571 1722; x_wconf 80' lang='lat' dir='ltr'>amiserunt</span> <span class='ocrx_word' id='word_1_269' title='bbox 1601 1696 1684 1722; x_wconf 76' lang='lat' dir='ltr'>inter</span> <span class='ocrx_word' id='word_1_270' title='bbox 1715 1705 1783 1731; x_wconf 76' lang='lat' dir='ltr'>eos,</span> <span class='ocrx_word' id='word_1_271' title='bbox 1826 1698 1882 1733; x_wconf 69' lang='grc' dir='ltr'>(μα’</span> <span class='ocrx_word' id='word_1_272' title='bbox 1908 1693 2020 1736; x_wconf 77' lang='lat' dir='ltr'>[eam]</span> 
     </span>
     <span class='ocr_line' id='line_1_25' title="bbox 1042 1749 1198 1775; baseline 0 -1"><span class='ocrx_word' id='word_1_273' title='bbox 1042 1749 1198 1775; x_wconf 76' lang='lat' dir='ltr'>amittunt.</span> 
     </span>
    </p>
   </div>
   <div class='ocr_carea' id='block_1_10' title="bbox 206 1814 2021 2419">
    <p class='ocr_par' dir='ltr' id='par_1_11' title="bbox 206 1814 2021 2419">
     <span class='ocr_line' id='line_1_26' title="bbox 327 1814 2020 1857; baseline 0.003 -14"><span class='ocrx_word' id='word_1_274' title='bbox 327 1814 428 1844; x_wconf 80' lang='lat' dir='ltr'>Filios</span> <span class='ocrx_word' id='word_1_275' title='bbox 457 1814 557 1854; x_wconf 80' lang='lat' dir='ltr'>Sijadi</span> <span class='ocrx_word' id='word_1_276' title='bbox 587 1824 627 1845; x_wconf 84' lang='lat' dir='ltr'>ex</span> <span class='ocrx_word' id='word_1_277' title='bbox 655 1815 810 1855; x_wconf 76' lang='lat' dir='ltr'>Fathima,</span> <span class='ocrx_word' id='word_1_278' title='bbox 840 1815 903 1845; x_wconf 87' lang='lat' dir='ltr'>filia</span> <span class='ocrx_word' id='word_1_279' title='bbox 927 1816 1139 1855; x_wconf 69' lang='lat' dir='ltr'>Chorsehobi,</span> <span class='ocrx_word' id='word_1_280' title='bbox 1167 1825 1185 1844; x_wconf 87' lang='lat' dir='ltr'>e</span> <span class='ocrx_word' id='word_1_281' title='bbox 1212 1820 1310 1855; x_wconf 86' lang='lat' dir='ltr'>gente</span> <span class='ocrx_word' id='word_1_282' title='bbox 1336 1815 1456 1844; x_wconf 80' lang='lat' dir='ltr'>Anmar</span> <span class='ocrx_word' id='word_1_283' title='bbox 1483 1820 1574 1846; x_wconf 83' lang='lat' dir='ltr'>natos</span> <span class='ocrx_word' id='word_1_284' title='bbox 1604 1817 1757 1857; x_wconf 67' lang='lat' dir='ltr'>laudavit,</span> <span class='ocrx_word' id='word_1_285' title='bbox 1786 1820 1839 1857; x_wconf 90' lang='lat' dir='ltr'>qui</span> <span class='ocrx_word' id='word_1_286' title='bbox 1868 1817 1973 1848; x_wconf 81' lang='lat' dir='ltr'>officia</span> <span class='ocrx_word' id='word_1_287' title='bbox 2002 1828 2020 1848; x_wconf 86' lang='lat' dir='ltr'>a</span> 
     </span>
     <span class='ocr_line' id='line_1_27' title="bbox 231 1877 2019 1919; baseline 0.003 -14"><span class='ocrx_word' id='word_1_288' title='bbox 231 1881 321 1914; x_wconf 87' lang='lat' dir='ltr'>patre</span> <span class='ocrx_word' id='word_1_289' title='bbox 347 1886 407 1906; x_wconf 85' lang='lat' dir='ltr'>suo</span> <span class='ocrx_word' id='word_1_290' title='bbox 431 1882 565 1916; x_wconf 75' lang='lat' dir='ltr'>accepta</span> <span class='ocrx_word' id='word_1_291' title='bbox 585 1888 645 1907; x_wconf 95' lang='lat' dir='ltr'>non</span> <span class='ocrx_word' id='word_1_292' title='bbox 665 1879 890 1919; x_wconf 84' lang='lat' dir='ltr'>neglexissent</span> <span class='ocrx_word' id='word_1_293' title='bbox 911 1884 940 1908; x_wconf 88' lang='lat' dir='ltr'>et</span> <span class='ocrx_word' id='word_1_294' title='bbox 961 1888 1043 1917; x_wconf 86' lang='lat' dir='ltr'>quae</span> <span class='ocrx_word' id='word_1_295' title='bbox 1064 1878 1143 1917; x_wconf 78' lang='lat' dir='ltr'>ipsis</span> <span class='ocrx_word' id='word_1_296' title='bbox 1165 1877 1283 1908; x_wconf 87' lang='lat' dir='ltr'>tuenda</span> <span class='ocrx_word' id='word_1_297' title='bbox 1302 1882 1425 1917; x_wconf 64' lang='lat' dir='ltr'>essent,</span> <span class='ocrx_word' id='word_1_298' title='bbox 1445 1877 1673 1908; x_wconf 47' lang='lat' dir='ltr'>defendissent.</span> <span class='ocrx_word' id='word_1_299' title='bbox 1726 1880 1867 1909; x_wconf 77' lang='lat' dir='ltr'>Narrant</span> <span class='ocrx_word' id='word_1_300' title='bbox 1887 1886 2019 1910; x_wconf 87' lang='lat' dir='ltr'>matrem</span> 
     </span>
     <span class='ocr_line' id='line_1_28' title="bbox 229 1931 2020 1981; baseline 0.004 -15"><span class='ocrx_word' id='word_1_301' title='bbox 229 1939 471 1978; x_wconf 84' lang='lat' dir='ltr'>interrogatam,</span> <span class='ocrx_word' id='word_1_302' title='bbox 498 1939 624 1977; x_wconf 83' lang='lat' dir='ltr'>quinam</span> <span class='ocrx_word' id='word_1_303' title='bbox 652 1950 694 1969; x_wconf 85' lang='lat' dir='ltr'>ex</span> <span class='ocrx_word' id='word_1_304' title='bbox 722 1940 794 1969; x_wconf 84' lang='lat' dir='ltr'>filiis</span> <span class='ocrx_word' id='word_1_305' title='bbox 823 1941 1123 1980; x_wconf 75' lang='lat' dir='ltr'>praestantissimus</span> <span class='ocrx_word' id='word_1_306' title='bbox 1152 1946 1254 1981; x_wconf 68' lang='lat' dir='ltr'>essct,</span> <span class='ocrx_word' id='word_1_307' title='bbox 1283 1951 1320 1970; x_wconf 87' lang='lat' dir='ltr'>se</span> <span class='ocrx_word' id='word_1_308' title='bbox 1348 1942 1473 1971; x_wconf 77' lang='lat' dir='ltr'>nescire</span> <span class='ocrx_word' id='word_1_309' title='bbox 1504 1941 1635 1970; x_wconf 84' lang='lat' dir='ltr'>dixisse.</span> <span class='ocrx_word' id='word_1_310' title='bbox 1689 1931 1824 1972; x_wconf 58' lang='lat' dir='ltr'>Matri—111</span> <span class='ocrx_word' id='word_1_311' title='bbox 1852 1953 1892 1972; x_wconf 86' lang='lat' dir='ltr'>ex</span> <span class='ocrx_word' id='word_1_312' title='bbox 1913 1953 2020 1973; x_wconf 83' lang='lat' dir='ltr'>earum</span> 
     </span>
     <span class='ocr_line' id='line_1_29' title="bbox 231 2000 2021 2044; baseline 0.002 -15"><span class='ocrx_word' id='word_1_313' title='bbox 231 2009 360 2030; x_wconf 86' lang='lat' dir='ltr'>numero</span> <span class='ocrx_word' id='word_1_314' title='bbox 388 2000 488 2030; x_wconf 84' lang='lat' dir='ltr'>fuisse</span> <span class='ocrx_word' id='word_1_315' title='bbox 516 2001 644 2042; x_wconf 74' lang='lat' dir='ltr'>dieunt,</span> <span class='ocrx_word' id='word_1_316' title='bbox 672 2012 756 2041; x_wconf 84' lang='lat' dir='ltr'>quae</span> <span class='ocrx_word' id='word_1_317' title='bbox 783 2013 958 2043; x_wconf 81' lang='lat' dir='ltr'>generosos</span> <span class='ocrx_word' id='word_1_318' title='bbox 987 2004 1069 2033; x_wconf 84' lang='lat' dir='ltr'>filios</span> <span class='ocrx_word' id='word_1_319' title='bbox 1096 2006 1308 2042; x_wconf 81' lang='lat' dir='ltr'>peperissent.</span> <span class='ocrx_word' id='word_1_320' title='bbox 1364 2004 1540 2044; x_wconf 70' lang='lat' dir='ltr'>Mulieres,</span> <span class='ocrx_word' id='word_1_321' title='bbox 1583 2013 1664 2043; x_wconf 87' lang='lat' dir='ltr'>quas</span> <span class='ocrx_word' id='word_1_322' title='bbox 1693 2007 1882 2044; x_wconf 85' lang='lat' dir='ltr'>cognomine</span> <span class='ocrx_word' id='word_1_323' title='bbox 1911 2009 2021 2042; x_wconf 43' lang='lat' dir='ltr'>&amp;25⁸5oe</span> 
     </span>
     <span class='ocr_line' id='line_1_30' title="bbox 231 2061 2019 2105; baseline 0.005 -15"><span class='ocrx_word' id='word_1_324' title='bbox 231 2061 429 2102; x_wconf 79' lang='lat' dir='ltr'>(generosos</span> <span class='ocrx_word' id='word_1_325' title='bbox 458 2061 540 2091; x_wconf 85' lang='lat' dir='ltr'>filios</span> <span class='ocrx_word' id='word_1_326' title='bbox 569 2063 714 2102; x_wconf 87' lang='lat' dir='ltr'>pariens)</span> <span class='ocrx_word' id='word_1_327' title='bbox 745 2064 871 2092; x_wconf 79' lang='lat' dir='ltr'>Arabes</span> <span class='ocrx_word' id='word_1_328' title='bbox 900 2069 1062 2104; x_wconf 71' lang='lat' dir='ltr'>ornarunt,</span> <span class='ocrx_word' id='word_1_329' title='bbox 1093 2069 1219 2104; x_wconf 84' lang='lat' dir='ltr'>praeter</span> <span class='ocrx_word' id='word_1_330' title='bbox 1248 2065 1328 2094; x_wconf 85' lang='lat' dir='ltr'>hanc</span> <span class='ocrx_word' id='word_1_331' title='bbox 1357 2071 1424 2095; x_wconf 80' lang='lat' dir='ltr'>erat</span> <span class='ocrx_word' id='word_1_332' title='bbox 1441 2067 1556 2105; x_wconf 81' lang='lat' dir='ltr'>Maria,</span> <span class='ocrx_word' id='word_1_333' title='bbox 1587 2072 1618 2096; x_wconf 90' lang='lat' dir='ltr'>et</span> <span class='ocrx_word' id='word_1_334' title='bbox 1638 2068 1750 2097; x_wconf 91' lang='lat' dir='ltr'>mulier</span> <span class='ocrx_word' id='word_1_335' title='bbox 1770 2068 2019 2099; x_wconf 68' lang='grc' dir='ltr'><strong>Οιιιηι-ΑΗωηίῃ</strong></span> 
     </span>
     <span class='ocr_line' id='line_1_31' title="bbox 229 2123 2020 2169; baseline 0.003 -16"><span class='ocrx_word' id='word_1_336' title='bbox 229 2123 453 2162; x_wconf 85' lang='lat' dir='ltr'>cognominata</span> <span class='ocrx_word' id='word_1_337' title='bbox 480 2128 512 2152; x_wconf 87' lang='lat' dir='ltr'>et</span> <span class='ocrx_word' id='word_1_338' title='bbox 540 2123 684 2153; x_wconf 73' lang='lat' dir='ltr'>Chabialt</span> <span class='ocrx_word' id='word_1_339' title='bbox 711 2130 744 2154; x_wconf 84' lang='lat' dir='ltr'>et</span> <span class='ocrx_word' id='word_1_340' title='bbox 771 2124 910 2154; x_wconf 75' lang='lat' dir='ltr'>Ahticah</span> <span class='ocrx_word' id='word_1_341' title='bbox 937 2126 1063 2163; x_wconf 84' lang='lat' dir='ltr'>(conf.</span> <span class='ocrx_word' id='word_1_342' title='bbox 1090 2126 1229 2155; x_wconf 80' lang='lat' dir='ltr'>Meidan.</span> <span class='ocrx_word' id='word_1_343' title='bbox 1260 2127 1296 2156; x_wconf 84' lang='lat' dir='ltr'>C.</span> <span class='ocrx_word' id='word_1_344' title='bbox 1327 2127 1385 2165; x_wconf 78' lang='grc'>25,</span> <span class='ocrx_word' id='word_1_345' title='bbox 1420 2127 1496 2157; x_wconf 85' lang='lat'>103.</span> <span class='ocrx_word' id='word_1_346' title='bbox 1528 2128 1607 2158; x_wconf 86' lang='lat'>105.</span> <span class='ocrx_word' id='word_1_347' title='bbox 1640 2128 1717 2161; x_wconf 86' lang='lat'><strong>106.</strong></span> <span class='ocrx_word' id='word_1_348' title='bbox 1744 2130 1850 2169; x_wconf 63' lang='lat'>1071).</span> <span class='ocrx_word' id='word_1_349' title='bbox 1880 2131 2020 2160; x_wconf 72' lang='lat' dir='ltr'>Narrant</span> 
     </span>
     <span class='ocr_line' id='line_1_32' title="bbox 230 2183 2018 2228; baseline 0.004 -16"><span class='ocrx_word' id='word_1_350' title='bbox 230 2183 393 2212; x_wconf 88' lang='lat' dir='ltr'>mulierem</span> <span class='ocrx_word' id='word_1_351' title='bbox 421 2184 629 2214; x_wconf 88' lang='lat' dir='ltr'>somniantem</span> <span class='ocrx_word' id='word_1_352' title='bbox 655 2185 796 2215; x_wconf 87' lang='lat' dir='ltr'>audiisse</span> <span class='ocrx_word' id='word_1_353' title='bbox 818 2186 993 2218; x_wconf 88' lang='lat' dir='ltr'>dicentem:</span> <span class='ocrx_word' id='word_1_354' title='bbox 1021 2188 1104 2216; x_wconf 75' lang='lat' dir='ltr'>Num</span> <span class='ocrx_word' id='word_1_355' title='bbox 1128 2188 1237 2218; x_wconf 87' lang='lat' dir='ltr'>decem</span> <span class='ocrx_word' id='word_1_356' title='bbox 1255 2189 1429 2218; x_wconf 86' lang='lat' dir='ltr'>delirantes</span> <span class='ocrx_word' id='word_1_357' title='bbox 1448 2189 1593 2228; x_wconf 84' lang='lat' dir='ltr'>praefers</span> <span class='ocrx_word' id='word_1_358' title='bbox 1613 2201 1650 2220; x_wconf 88' lang='lat' dir='ltr'>an</span> <span class='ocrx_word' id='word_1_359' title='bbox 1674 2197 1740 2221; x_wconf 85' lang='lat' dir='ltr'>tres</span> <span class='ocrx_word' id='word_1_360' title='bbox 1762 2192 1861 2222; x_wconf 81' lang='lat' dir='ltr'>instar</span> <span class='ocrx_word' id='word_1_361' title='bbox 1882 2188 2018 2221; x_wconf 69' lang='lat' dir='ltr'>decem?</span> 
     </span>
     <span class='ocr_line' id='line_1_33' title="bbox 230 2244 2020 2291; baseline 0.004 -17"><span class='ocrx_word' id='word_1_362' title='bbox 230 2244 323 2283; x_wconf 85' lang='lat' dir='ltr'>Quae</span> <span class='ocrx_word' id='word_1_363' title='bbox 349 2245 448 2275; x_wconf 83' lang='lat' dir='ltr'>verba</span> <span class='ocrx_word' id='word_1_364' title='bbox 476 2255 567 2284; x_wconf 89' lang='lat' dir='ltr'>quum</span> <span class='ocrx_word' id='word_1_365' title='bbox 595 2248 707 2277; x_wconf 84' lang='lat' dir='ltr'>marito</span> <span class='ocrx_word' id='word_1_366' title='bbox 739 2248 918 2290; x_wconf 67' lang='lat' dir='ltr'>retulisset,</span> <span class='ocrx_word' id='word_1_367' title='bbox 947 2258 1014 2278; x_wconf 87' lang='lat' dir='ltr'>eum</span> <span class='ocrx_word' id='word_1_368' title='bbox 1031 2250 1190 2290; x_wconf 73' lang='lat' dir='ltr'>suasisse,</span> <span class='ocrx_word' id='word_1_369' title='bbox 1219 2256 1264 2291; x_wconf 67' lang='lat' dir='ltr'>ut,</span> <span class='ocrx_word' id='word_1_370' title='bbox 1292 2253 1320 2280; x_wconf 82' lang='lat' dir='ltr'>si</span> <span class='ocrx_word' id='word_1_371' title='bbox 1348 2253 1673 2291; x_wconf 64' lang='lat' dir='ltr'>iterum‘somniaret,</span> <span class='ocrx_word' id='word_1_372' title='bbox 1701 2254 1834 2284; x_wconf 74' lang='lat' dir='ltr'>diceret:</span> <span class='ocrx_word' id='word_1_373' title='bbox 1861 2255 1942 2282; x_wconf 83' lang='lat' dir='ltr'>Tres</span> <span class='ocrx_word' id='word_1_374' title='bbox 1971 2254 2020 2283; x_wconf 89' lang='lat' dir='ltr'>in-</span> 
     </span>
     <span class='ocr_line' id='line_1_34' title="bbox 206 2307 2018 2355; baseline 0.005 -19"><span class='ocrx_word' id='word_1_375' title='bbox 206 2312 301 2337; x_wconf 29' lang='lat' dir='ltr'>rstar</span> <span class='ocrx_word' id='word_1_376' title='bbox 327 2307 445 2337; x_wconf 86' lang='lat' dir='ltr'>decem.</span> <span class='ocrx_word' id='word_1_377' title='bbox 498 2309 579 2338; x_wconf 84' lang='lat' dir='ltr'>Tum</span> <span class='ocrx_word' id='word_1_378' title='bbox 606 2318 675 2339; x_wconf 89' lang='lat' dir='ltr'>eam</span> <span class='ocrx_word' id='word_1_379' title='bbox 703 2311 871 2349; x_wconf 85' lang='lat' dir='ltr'>peperisse</span> <span class='ocrx_word' id='word_1_380' title='bbox 898 2316 965 2340; x_wconf 86' lang='lat' dir='ltr'>tres</span> <span class='ocrx_word' id='word_1_381' title='bbox 994 2311 1094 2351; x_wconf 67' lang='lat' dir='ltr'>[ilios.</span> <span class='ocrx_word' id='word_1_382' title='bbox 1123 2321 1252 2350; x_wconf 89' lang='lat' dir='ltr'>quorum</span> <span class='ocrx_word' id='word_1_383' title='bbox 1283 2314 1416 2353; x_wconf 84' lang='lat' dir='ltr'>quisque</span> <span class='ocrx_word' id='word_1_384' title='bbox 1443 2315 1551 2355; x_wconf 85' lang='lat' dir='ltr'>gentis</span> <span class='ocrx_word' id='word_1_385' title='bbox 1579 2320 1688 2344; x_wconf 88' lang='lat' dir='ltr'>auctor</span> <span class='ocrx_word' id='word_1_386' title='bbox 1715 2315 1805 2345; x_wconf 83' lang='lat' dir='ltr'>fieret</span> <span class='ocrx_word' id='word_1_387' title='bbox 1831 2316 1911 2344; x_wconf 89' lang='lat' dir='ltr'>inter</span> <span class='ocrx_word' id='word_1_388' title='bbox 1939 2325 2018 2345; x_wconf 83' lang='lat' dir='ltr'>suos</span> 
     </span>
     <span class='ocr_line' id='line_1_35' title="bbox 231 2367 2019 2419; baseline 0.006 -22"><span class='ocrx_word' id='word_1_389' title='bbox 231 2368 418 2410; x_wconf 78' lang='lat' dir='ltr'>honoratus,</span> <span class='ocrx_word' id='word_1_390' title='bbox 447 2380 561 2409; x_wconf 87' lang='lat' dir='ltr'>nempe</span> <span class='ocrx_word' id='word_1_391' title='bbox 580 2369 683 2400; x_wconf 83' lang='lat' dir='ltr'>Rabih</span> <span class='ocrx_word' id='word_1_392' title='bbox 710 2373 860 2403; x_wconf 85' lang='lat' dir='ltr'>memoria</span> <span class='ocrx_word' id='word_1_393' title='bbox 887 2377 1044 2404; x_wconf 81' lang='lat' dir='ltr'>tenentem</span> <span class='ocrx_word' id='word_1_394' title='bbox 1070 2375 1139 2404; x_wconf 81' lang='lat' dir='ltr'>vel</span> <span class='ocrx_word' id='word_1_395' title='bbox 1167 2384 1246 2404; x_wconf 88' lang='lat' dir='ltr'>suos</span> <span class='ocrx_word' id='word_1_396' title='bbox 1275 2375 1497 2406; x_wconf 75' lang='lat' dir='ltr'>defendentem</span> <span class='ocrx_word' id='word_1_397' title='bbox 1519 2367 1701 2419; x_wconf 49' lang='lat' dir='ltr'>(jeai-⁸³3¹),</span> <span class='ocrx_word' id='word_1_398' title='bbox 1730 2377 1889 2407; x_wconf 82' lang='lat' dir='ltr'>Olunarah</span> <span class='ocrx_word' id='word_1_399' title='bbox 1917 2377 2019 2408; x_wconf 84' lang='lat' dir='ltr'>dona-</span> 
     </span>
    </p>
   </div>
   <div class='ocr_carea' id='block_1_11' title="bbox 232 2431 2018 2476">
    <p class='ocr_par' dir='ltr' id='par_1_12' title="bbox 232 2431 2018 2476">
     <span class='ocr_line' id='line_1_36' title="bbox 232 2431 2018 2476; baseline 0.007 -19"><span class='ocrx_word' id='word_1_400' title='bbox 232 2432 332 2459; x_wconf 89' lang='lat' dir='ltr'>torem</span> <span class='ocrx_word' id='word_1_401' title='bbox 369 2434 398 2459; x_wconf 92' lang='lat' dir='ltr'>et</span> <span class='ocrx_word' id='word_1_402' title='bbox 437 2431 526 2460; x_wconf 72' lang='lat' dir='ltr'>Anas</span> <span class='ocrx_word' id='word_1_403' title='bbox 567 2431 718 2470; x_wconf 83' lang='lat' dir='ltr'>optimum</span> <span class='ocrx_word' id='word_1_404' title='bbox 763 2434 910 2472; x_wconf 89' lang='lat' dir='ltr'>equitem.</span> <span class='ocrx_word' id='word_1_405' title='bbox 977 2435 1098 2465; x_wconf 79' lang='lat' dir='ltr'>Videre</span> <span class='ocrx_word' id='word_1_406' title='bbox 1135 2437 1232 2475; x_wconf 82' lang='lat' dir='ltr'>licet,</span> <span class='ocrx_word' id='word_1_407' title='bbox 1279 2442 1473 2476; x_wconf 87' lang='lat' dir='ltr'>postremam</span> <span class='ocrx_word' id='word_1_408' title='bbox 1509 2438 1619 2468; x_wconf 85' lang='lat' dir='ltr'>scholii</span> <span class='ocrx_word' id='word_1_409' title='bbox 1659 2439 1769 2468; x_wconf 88' lang='lat' dir='ltr'>lineam</span> <span class='ocrx_word' id='word_1_410' title='bbox 1809 2439 1846 2468; x_wconf 86' lang='lat' dir='ltr'>ad</span> <span class='ocrx_word' id='word_1_411' title='bbox 1886 2449 2018 2469; x_wconf 77' lang='lat' dir='ltr'>versum</span> 
     </span>
    </p>
   </div>
   <div class='ocr_carea' id='block_1_12' title="bbox 235 2538 1271 2583">
    <p class='ocr_par' dir='ltr' id='par_1_13' title="bbox 235 2538 1271 2583">
     <span class='ocr_line' id='line_1_37' title="bbox 235 2538 1271 2583; baseline 0.008 -15"><span class='ocrx_word' id='word_1_412' title='bbox 235 2544 274 2575; x_wconf 76' lang='grc' dir='ltr'>ἱ)</span> <span class='ocrx_word' id='word_1_413' title='bbox 293 2545 320 2569; x_wconf 87' lang='lat' dir='ltr'>ln</span> <span class='ocrx_word' id='word_1_414' title='bbox 342 2548 462 2572; x_wconf 70' lang='lat' dir='ltr'>fleidanii</span> <span class='ocrx_word' id='word_1_415' title='bbox 482 2555 564 2579; x_wconf 82' lang='lat' dir='ltr'>opere</span> <span class='ocrx_word' id='word_1_416' title='bbox 583 2549 624 2573; x_wconf 87' lang='lat' dir='ltr'>hic</span> <span class='ocrx_word' id='word_1_417' title='bbox 647 2550 712 2575; x_wconf 85' lang='lat' dir='ltr'>Kais</span> <span class='ocrx_word' id='word_1_418' title='bbox 733 2551 850 2575; x_wconf 78' lang='lat' dir='ltr'>omissus</span> <span class='ocrx_word' id='word_1_419' title='bbox 868 2538 973 2577; x_wconf 45' lang='lat' dir='ltr'>&amp;Sl-gl</span> <span class='ocrx_word' id='word_1_420' title='bbox 993 2553 1202 2583; x_wconf 76' lang='lat' dir='ltr'>cognominatus</span> <span class='ocrx_word' id='word_1_421' title='bbox 1221 2555 1271 2576; x_wconf 78' lang='lat' dir='ltr'>est.</span> 
     </span>
    </p>
   </div>
   <div class='ocr_carea' id='block_1_13' title="bbox 1764 2611 1808 2641">
    <p class='ocr_par' dir='ltr' id='par_1_14' title="bbox 1764 2611 1808 2641">
     <span class='ocr_line' id='line_1_38' title="bbox 1764 2611 1808 2641; baseline 0 0"><span class='ocrx_word' id='word_1_422' title='bbox 1764 2611 1808 2641; x_wconf 86' lang='grc'>52</span> 
     </span>
    </p>
   </div>
  </div>
 </body>
</html>
