<?xml version="1.0" encoding="UTF-8"?>
<!DOCTYPE html PUBLIC "-//W3C//DTD XHTML 1.0 Transitional//EN"
    "http://www.w3.org/TR/xhtml1/DTD/xhtml1-transitional.dtd">
<html xmlns="http://www.w3.org/1999/xhtml" xml:lang="en" lang="en">
 <head>
  <title>
</title>
<meta http-equiv="Content-Type" content="text/html;charset=utf-8" />
  <meta name='ocr-system' content='tesseract 3.04.00' />
  <meta name='ocr-capabilities' content='ocr_page ocr_carea ocr_par ocr_line ocrx_word'/>
</head>
<body>
  <div class='ocr_page' id='page_1' title='image "./p1hamassaecarmin02abbiuoft_0634.png"; bbox 0 0 2247 2865; ppageno 0'>
   <div class='ocr_carea' id='block_1_1' title="bbox 1021 108 1291 139">
    <p class='ocr_par' dir='ltr' id='par_1_1' title="bbox 1021 108 1291 139">
     <span class='ocr_line' id='line_1_1' title="bbox 1021 108 1291 139; baseline -0.004 0"><span class='ocrx_word' id='word_1_1' title='bbox 1021 108 1291 139; x_wconf 78' lang='lat'><strong>——598—</strong></span> 
     </span>
    </p>
   </div>
   <div class='ocr_carea' id='block_1_2' title="bbox 247 205 2040 498">
    <p class='ocr_par' dir='ltr' id='par_1_2' title="bbox 247 205 2040 498">
     <span class='ocr_line' id='line_1_2' title="bbox 248 205 2035 254; baseline -0.002 -11"><span class='ocrx_word' id='word_1_2' title='bbox 248 212 431 254; x_wconf 82' lang='lat' dir='ltr'>magistram</span> <span class='ocrx_word' id='word_1_3' title='bbox 459 219 542 240; x_wconf 87' lang='lat' dir='ltr'><strong>esse.</strong></span> <span class='ocrx_word' id='word_1_4' title='bbox 572 208 799 248; x_wconf 82' lang='lat' dir='ltr'><strong>Experientiae</strong></span> <span class='ocrx_word' id='word_1_5' title='bbox 829 208 952 238; x_wconf 84' lang='lat' dir='ltr'>Arabes</span> <span class='ocrx_word' id='word_1_6' title='bbox 980 208 1114 238; x_wconf 89' lang='lat' dir='ltr'><strong>multum</strong></span> <span class='ocrx_word' id='word_1_7' title='bbox 1142 208 1281 239; x_wconf 89' lang='lat' dir='ltr'><strong>tribuunt</strong></span> <span class='ocrx_word' id='word_1_8' title='bbox 1309 207 1408 237; x_wconf 86' lang='lat' dir='ltr'><strong>conf.</strong></span> <span class='ocrx_word' id='word_1_9' title='bbox 1439 205 1579 236; x_wconf 87' lang='lat' dir='ltr'><strong>Meidan.</strong></span> <span class='ocrx_word' id='word_1_10' title='bbox 1606 207 1643 238; x_wconf 82' lang='lat' dir='ltr'><strong>T.</strong></span> <span class='ocrx_word' id='word_1_11' title='bbox 1669 206 1723 240; x_wconf 80' lang='grc' dir='ltr'><strong>ΙΙΙ.</strong></span> <span class='ocrx_word' id='word_1_12' title='bbox 1750 207 1784 237; x_wconf 84' lang='grc' dir='ltr'><strong>Ρ.</strong></span> <span class='ocrx_word' id='word_1_13' title='bbox 1818 207 1846 237; x_wconf 87' lang='grc'><strong>1.</strong></span> <span class='ocrx_word' id='word_1_14' title='bbox 1872 208 1935 238; x_wconf 88' lang='grc' dir='ltr'><strong>Νο.</strong></span> <span class='ocrx_word' id='word_1_15' title='bbox 1955 207 2035 240; x_wconf 84' lang='grc'><strong>390.</strong></span> 
     </span>
     <span class='ocr_line' id='line_1_3' title="bbox 249 257 2038 314; baseline -0.003 -9"><span class='ocrx_word' id='word_1_16' title='bbox 249 274 330 305; x_wconf 83' lang='grc'>393.</span> <span class='ocrx_word' id='word_1_17' title='bbox 360 272 467 303; x_wconf 77' lang='grc'><strong>2612.</strong></span> <span class='ocrx_word' id='word_1_18' title='bbox 530 271 565 301; x_wconf 85' lang='lat' dir='ltr'><strong>In</strong></span> <span class='ocrx_word' id='word_1_19' title='bbox 592 270 726 301; x_wconf 77' lang='lat' dir='ltr'><strong>&#39;l&#39;ebrisii</strong></span> <span class='ocrx_word' id='word_1_20' title='bbox 754 269 864 300; x_wconf 78' lang='lat' dir='ltr'><strong>codice</strong></span> <span class='ocrx_word' id='word_1_21' title='bbox 891 268 1011 308; x_wconf 90' lang='lat' dir='ltr'>duplex</span> <span class='ocrx_word' id='word_1_22' title='bbox 1036 277 1149 298; x_wconf 89' lang='lat' dir='ltr'><strong>vocem</strong></span> <span class='ocrx_word' id='word_1_23' title='bbox 1187 257 1280 314; x_wconf 40' lang='lat'><strong>*³535</strong></span> <span class='ocrx_word' id='word_1_24' title='bbox 1317 268 1540 309; x_wconf 82' lang='lat' dir='ltr'><strong>pronuntiandi</strong></span> <span class='ocrx_word' id='word_1_25' title='bbox 1576 268 1690 298; x_wconf 91' lang='lat' dir='ltr'><strong>modus</strong></span> <span class='ocrx_word' id='word_1_26' title='bbox 1726 274 1778 299; x_wconf 86' lang='lat' dir='ltr'><strong>est</strong></span> <span class='ocrx_word' id='word_1_27' title='bbox 1812 274 1875 300; x_wconf 87' lang='lat' dir='ltr'><strong>tam</strong></span> <span class='ocrx_word' id='word_1_28' title='bbox 1913 271 2038 300; x_wconf 77' lang='lat' dir='ltr'><strong>vocalis</strong></span> 
     </span>
     <span class='ocr_line' id='line_1_4' title="bbox 247 331 2039 375; baseline -0.003 -9"><span class='ocrx_word' id='word_1_29' title='bbox 247 336 343 366; x_wconf 88' lang='lat' dir='ltr'><strong>activi</strong></span> <span class='ocrx_word' id='word_1_30' title='bbox 370 344 464 375; x_wconf 91' lang='lat' dir='ltr'><strong>quam</strong></span> <span class='ocrx_word' id='word_1_31' title='bbox 490 333 625 373; x_wconf 85' lang='lat' dir='ltr'><strong>passivi.</strong></span> <span class='ocrx_word' id='word_1_32' title='bbox 677 334 711 362; x_wconf 89' lang='lat' dir='ltr'><strong>In</strong></span> <span class='ocrx_word' id='word_1_33' title='bbox 738 332 882 373; x_wconf 81' lang='lat' dir='ltr'>margine</span> <span class='ocrx_word' id='word_1_34' title='bbox 908 341 974 361; x_wconf 87' lang='lat' dir='ltr'><strong>vox</strong></span> <span class='ocrx_word' id='word_1_35' title='bbox 1001 334 1082 374; x_wconf 49' lang='grc' dir='ltr'><strong>ἰιιβ</strong></span> <span class='ocrx_word' id='word_1_36' title='bbox 1113 331 1273 371; x_wconf 81' lang='lat' dir='ltr'><strong>adscripta</strong></span> <span class='ocrx_word' id='word_1_37' title='bbox 1299 335 1361 370; x_wconf 84' lang='lat' dir='ltr'><strong>est,</strong></span> <span class='ocrx_word' id='word_1_38' title='bbox 1389 342 1452 372; x_wconf 85' lang='lat' dir='ltr'><strong>qua</strong></span> <span class='ocrx_word' id='word_1_39' title='bbox 1478 332 1552 361; x_wconf 91' lang='lat' dir='ltr'><strong>voci</strong></span> <span class='ocrx_word' id='word_1_40' title='bbox 1581 331 1800 371; x_wconf 77' lang='lat' dir='ltr'><strong>experientiae</strong></span> <span class='ocrx_word' id='word_1_41' title='bbox 1827 331 2039 372; x_wconf 85' lang='lat' dir='ltr'><strong>significatio-</strong></span> 
     </span>
     <span class='ocr_line' id='line_1_5' title="bbox 249 394 2040 437; baseline 0 -10"><span class='ocrx_word' id='word_1_42' title='bbox 249 408 320 427; x_wconf 89' lang='lat' dir='ltr'><strong>nem</strong></span> <span class='ocrx_word' id='word_1_43' title='bbox 347 396 480 427; x_wconf 87' lang='lat' dir='ltr'><strong>dandam</strong></span> <span class='ocrx_word' id='word_1_44' title='bbox 510 406 598 434; x_wconf 90' lang='lat' dir='ltr'><strong>esse,</strong></span> <span class='ocrx_word' id='word_1_45' title='bbox 629 395 796 425; x_wconf 88' lang='lat' dir='ltr'><strong>indicatur.</strong></span> <span class='ocrx_word' id='word_1_46' title='bbox 850 395 913 425; x_wconf 86' lang='lat' dir='ltr'><strong>Hie</strong></span> <span class='ocrx_word' id='word_1_47' title='bbox 940 399 1046 424; x_wconf 89' lang='lat' dir='ltr'><strong>autem</strong></span> <span class='ocrx_word' id='word_1_48' title='bbox 1075 394 1257 437; x_wconf 74' lang='lat' dir='ltr'><strong>explicandi</strong></span> <span class='ocrx_word' id='word_1_49' title='bbox 1284 394 1396 425; x_wconf 92' lang='lat' dir='ltr'><strong>modus</strong></span> <span class='ocrx_word' id='word_1_50' title='bbox 1424 397 1550 425; x_wconf 88' lang='lat' dir='ltr'><strong>nonnisi</strong></span> <span class='ocrx_word' id='word_1_51' title='bbox 1577 398 1670 435; x_wconf 79' lang='lat' dir='ltr'><strong>aptus</strong></span> <span class='ocrx_word' id='word_1_52' title='bbox 1699 401 1761 436; x_wconf 79' lang='lat' dir='ltr'><strong>est,</strong></span> <span class='ocrx_word' id='word_1_53' title='bbox 1789 396 1818 426; x_wconf 90' lang='lat' dir='ltr'><strong>si</strong></span> <span class='ocrx_word' id='word_1_54' title='bbox 1843 405 1908 427; x_wconf 83' lang='lat' dir='ltr'><strong>vox</strong></span> <span class='ocrx_word' id='word_1_55' title='bbox 1936 397 2040 427; x_wconf 91' lang='lat' dir='ltr'><strong>vocali</strong></span> 
     </span>
     <span class='ocr_line' id='line_1_6' title="bbox 249 458 611 498; baseline -0.008 -9"><span class='ocrx_word' id='word_1_56' title='bbox 249 458 352 489; x_wconf 80' lang='lat' dir='ltr'><strong>Fatha</strong></span> <span class='ocrx_word' id='word_1_57' title='bbox 378 458 611 498; x_wconf 85' lang='lat' dir='ltr'><strong>pronunciatur.</strong></span> 
     </span>
    </p>
   </div>
   <div class='ocr_carea' id='block_1_3' title="bbox 676 551 1616 659">
    <p class='ocr_par' dir='ltr' id='par_1_3' title="bbox 676 551 1616 659">
     <span class='ocr_line' id='line_1_7' title="bbox 1017 551 1313 584; baseline 0 0"><span class='ocrx_word' id='word_1_58' title='bbox 1017 551 1313 584; x_wconf 71' lang='lat' dir='ltr'><strong>ccxxxlx.</strong></span> 
     </span>
     <span class='ocr_line' id='line_1_8' title="bbox 676 616 1616 659; baseline 0.001 -9"><span class='ocrx_word' id='word_1_59' title='bbox 676 616 816 650; x_wconf 75' lang='lat' dir='ltr'><strong>Dixit</strong></span> <span class='ocrx_word' id='word_1_60' title='bbox 840 618 1098 659; x_wconf 74' lang='lat' dir='ltr'><strong>Baghtsar</strong></span> <span class='ocrx_word' id='word_1_61' title='bbox 1120 618 1160 651; x_wconf 80' lang='lat' dir='ltr'><strong>b.</strong></span> <span class='ocrx_word' id='word_1_62' title='bbox 1185 618 1369 652; x_wconf 75' lang='lat' dir='ltr'><strong>,Lakitln</strong></span> <span class='ocrx_word' id='word_1_63' title='bbox 1392 619 1616 653; x_wconf 69' lang='lat' dir='ltr'><strong>Asadita.</strong></span> 
     </span>
    </p>
   </div>
   <div class='ocr_carea' id='block_1_4' title="bbox 251 687 2043 913">
    <p class='ocr_par' dir='ltr' id='par_1_4' title="bbox 253 687 1272 724">
     <span class='ocr_line' id='line_1_9' title="bbox 253 687 1272 724; baseline -0.001 -7"><span class='ocrx_word' id='word_1_64' title='bbox 253 690 280 718; x_wconf 84' lang='lat'><strong>1.</strong></span> <span class='ocrx_word' id='word_1_65' title='bbox 306 689 436 717; x_wconf 70' lang='grc' dir='ltr'><strong>Ηιιείηιτι</strong></span> <span class='ocrx_word' id='word_1_66' title='bbox 457 688 618 716; x_wconf 80' lang='lat' dir='ltr'><strong>cerebrum</strong></span> <span class='ocrx_word' id='word_1_67' title='bbox 641 688 816 724; x_wconf 79' lang='lat' dir='ltr'><strong>capitisque</strong></span> <span class='ocrx_word' id='word_1_68' title='bbox 840 687 940 716; x_wconf 84' lang='lat' dir='ltr'><strong>Iocum</strong></span> <span class='ocrx_word' id='word_1_69' title='bbox 961 687 1063 724; x_wconf 63' lang='lat' dir='ltr'><strong>gladii</strong></span> <span class='ocrx_word' id='word_1_70' title='bbox 1083 689 1150 715; x_wconf 75' lang='lat' dir='ltr'><strong>acie</strong></span> <span class='ocrx_word' id='word_1_71' title='bbox 1169 689 1272 724; x_wconf 73' lang='lat' dir='ltr'><strong>petiz-i.</strong></span> 
     </span>
    </p>

    <p class='ocr_par' dir='ltr' id='par_1_5' title="bbox 251 743 2043 913">
     <span class='ocr_line' id='line_1_10' title="bbox 349 743 2040 785; baseline 0.001 -10"><span class='ocrx_word' id='word_1_72' title='bbox 349 745 395 775; x_wconf 88' lang='lat' dir='ltr'><strong>Se</strong></span> <span class='ocrx_word' id='word_1_73' title='bbox 426 745 527 774; x_wconf 88' lang='lat' dir='ltr'><strong>virum</strong></span> <span class='ocrx_word' id='word_1_74' title='bbox 560 743 672 773; x_wconf 79' lang='lat' dir='ltr'><strong>llacim</strong></span> <span class='ocrx_word' id='word_1_75' title='bbox 709 743 900 782; x_wconf 83' lang='lat' dir='ltr'><strong>appellatum</strong></span> <span class='ocrx_word' id='word_1_76' title='bbox 937 743 1096 774; x_wconf 87' lang='lat' dir='ltr'><strong>occidisse</strong></span> <span class='ocrx_word' id='word_1_77' title='bbox 1135 744 1220 773; x_wconf 85' lang='lat' dir='ltr'><strong>dicit.</strong></span> <span class='ocrx_word' id='word_1_78' title='bbox 1261 744 1425 784; x_wconf 82' lang='lat' dir='ltr'><strong>Loquendi</strong></span> <span class='ocrx_word' id='word_1_79' title='bbox 1458 744 1591 785; x_wconf 75' lang='lat' dir='ltr'><strong>modus,</strong></span> <span class='ocrx_word' id='word_1_80' title='bbox 1632 755 1693 785; x_wconf 93' lang='lat' dir='ltr'><strong>quo</strong></span> <span class='ocrx_word' id='word_1_81' title='bbox 1727 746 1883 785; x_wconf 86' lang='lat' dir='ltr'><strong>particula</strong></span> <span class='ocrx_word' id='word_1_82' title='bbox 1910 743 1943 775; x_wconf 65' lang='lat' dir='ltr'><strong>[ai</strong></span> <span class='ocrx_word' id='word_1_83' title='bbox 1972 756 2040 777; x_wconf 85' lang='lat' dir='ltr'><strong>eum</strong></span> 
     </span>
     <span class='ocr_line' id='line_1_11' title="bbox 251 807 2042 849; baseline 0.001 -11"><span class='ocrx_word' id='word_1_84' title='bbox 251 809 397 838; x_wconf 86' lang='lat' dir='ltr'><strong>subiecto</strong></span> <span class='ocrx_word' id='word_1_85' title='bbox 424 809 604 847; x_wconf 85' lang='lat' dir='ltr'><strong>praemissa</strong></span> <span class='ocrx_word' id='word_1_86' title='bbox 631 816 649 836; x_wconf 85' lang='lat' dir='ltr'><strong>a</strong></span> <span class='ocrx_word' id='word_1_87' title='bbox 678 807 887 846; x_wconf 83' lang='lat' dir='ltr'><strong>sequentibus</strong></span> <span class='ocrx_word' id='word_1_88' title='bbox 915 808 1154 838; x_wconf 84' lang='lat' dir='ltr'><strong>constructione</strong></span> <span class='ocrx_word' id='word_1_89' title='bbox 1181 812 1333 846; x_wconf 85' lang='lat' dir='ltr'><strong>separata</strong></span> <span class='ocrx_word' id='word_1_90' title='bbox 1360 813 1424 847; x_wconf 85' lang='lat' dir='ltr'><strong>est,</strong></span> <span class='ocrx_word' id='word_1_91' title='bbox 1450 810 1606 838; x_wconf 85' lang='lat' dir='ltr'><strong>sermonis</strong></span> <span class='ocrx_word' id='word_1_92' title='bbox 1624 808 1689 838; x_wconf 92' lang='lat' dir='ltr'><strong>vim</strong></span> <span class='ocrx_word' id='word_1_93' title='bbox 1707 812 1816 849; x_wconf 84' lang='lat' dir='ltr'><strong>auget.</strong></span> <span class='ocrx_word' id='word_1_94' title='bbox 1843 808 2042 848; x_wconf 86' lang='lat' dir='ltr'><strong>Saepissime</strong></span> 
     </span>
     <span class='ocr_line' id='line_1_12' title="bbox 252 868 2043 913; baseline 0.002 -16"><span class='ocrx_word' id='word_1_95' title='bbox 252 870 405 911; x_wconf 75' lang='lat' dir='ltr'><strong>particula</strong></span> <span class='ocrx_word' id='word_1_96' title='bbox 432 869 586 909; x_wconf 85' lang='lat' dir='ltr'><strong>repetitur</strong></span> <span class='ocrx_word' id='word_1_97' title='bbox 613 868 716 898; x_wconf 84' lang='lat' dir='ltr'><strong>conf.</strong></span> <span class='ocrx_word' id='word_1_98' title='bbox 744 869 837 898; x_wconf 85' lang='lat' dir='ltr'><strong>Ham.</strong></span> <span class='ocrx_word' id='word_1_99' title='bbox 866 879 896 908; x_wconf 93' lang='lat' dir='ltr'><strong>p.</strong></span> <span class='ocrx_word' id='word_1_100' title='bbox 925 870 990 898; x_wconf 54' lang='lat' dir='ltr'><strong>nu.</strong></span> <span class='ocrx_word' id='word_1_101' title='bbox 1050 871 1126 901; x_wconf 81' lang='lat' dir='ltr'><strong>Vox</strong></span> <span class='ocrx_word' id='word_1_102' title='bbox 1151 872 1248 908; x_wconf 46' lang='lat' dir='ltr'><strong>Quin,</strong></span> <span class='ocrx_word' id='word_1_103' title='bbox 1277 881 1338 910; x_wconf 88' lang='lat' dir='ltr'><strong>qua</strong></span> <span class='ocrx_word' id='word_1_104' title='bbox 1364 872 1452 901; x_wconf 87' lang='lat' dir='ltr'><strong>locus</strong></span> <span class='ocrx_word' id='word_1_105' title='bbox 1481 872 1690 913; x_wconf 78' lang='lat' dir='ltr'><strong>designatur,</strong></span> <span class='ocrx_word' id='word_1_106' title='bbox 1717 871 1769 901; x_wconf 93' lang='lat' dir='ltr'><strong>ubi</strong></span> <span class='ocrx_word' id='word_1_107' title='bbox 1794 870 1866 912; x_wconf 91' lang='lat' dir='ltr'><strong>quis</strong></span> <span class='ocrx_word' id='word_1_108' title='bbox 1899 881 2043 902; x_wconf 89' lang='lat' dir='ltr'><strong>somnum</strong></span> 
     </span>
    </p>
   </div>
   <div class='ocr_carea' id='block_1_5' title="bbox 252 932 1701 979">
    <p class='ocr_par' dir='ltr' id='par_1_6' title="bbox 252 932 1701 979">
     <span class='ocr_line' id='line_1_13' title="bbox 252 932 1701 979; baseline -0.002 -13"><span class='ocrx_word' id='word_1_109' title='bbox 252 935 457 966; x_wconf 80' lang='lat' dir='ltr'><strong>meridianum</strong></span> <span class='ocrx_word' id='word_1_110' title='bbox 485 935 582 972; x_wconf 79' lang='lat' dir='ltr'><strong>capit,</strong></span> <span class='ocrx_word' id='word_1_111' title='bbox 611 932 670 962; x_wconf 84' lang='lat' dir='ltr'><strong>hoc</strong></span> <span class='ocrx_word' id='word_1_112' title='bbox 697 932 727 962; x_wconf 91' lang='lat' dir='ltr'><strong>in</strong></span> <span class='ocrx_word' id='word_1_113' title='bbox 756 942 856 962; x_wconf 86' lang='lat' dir='ltr'><strong>versu</strong></span> <span class='ocrx_word' id='word_1_114' title='bbox 884 933 953 963; x_wconf 78' lang='lat' dir='ltr'><strong>loco</strong></span> <span class='ocrx_word' id='word_1_115' title='bbox 981 934 1075 964; x_wconf 87' lang='lat' dir='ltr'><strong>vocis</strong></span> <span class='ocrx_word' id='word_1_116' title='bbox 1099 937 1151 979; x_wconf 60' lang='lat'><strong>5³²⁴</strong></span> <span class='ocrx_word' id='word_1_117' title='bbox 1177 935 1262 965; x_wconf 89' lang='lat' dir='ltr'><strong>haud</strong></span> <span class='ocrx_word' id='word_1_118' title='bbox 1289 935 1370 964; x_wconf 88' lang='lat' dir='ltr'><strong>bene</strong></span> <span class='ocrx_word' id='word_1_119' title='bbox 1397 934 1537 964; x_wconf 86' lang='lat' dir='ltr'><strong>adhibita</strong></span> <span class='ocrx_word' id='word_1_120' title='bbox 1563 934 1701 964; x_wconf 85' lang='lat' dir='ltr'><strong>videtur.</strong></span> 
     </span>
    </p>
   </div>
   <div class='ocr_carea' id='block_1_6' title="bbox 251 1018 1849 1058">
    <p class='ocr_par' dir='ltr' id='par_1_7' title="bbox 251 1018 1849 1058">
     <span class='ocr_line' id='line_1_14' title="bbox 251 1018 1849 1058; baseline -0.001 -9"><span class='ocrx_word' id='word_1_121' title='bbox 251 1022 283 1052; x_wconf 76' lang='lat'><strong>2,</strong></span> <span class='ocrx_word' id='word_1_122' title='bbox 306 1021 351 1049; x_wconf 84' lang='lat' dir='ltr'><strong>Et</strong></span> <span class='ocrx_word' id='word_1_123' title='bbox 373 1028 468 1057; x_wconf 79' lang='lat' dir='ltr'><strong>quum</strong></span> <span class='ocrx_word' id='word_1_124' title='bbox 492 1019 535 1047; x_wconf 80' lang='lat' dir='ltr'><strong>ml</strong></span> <span class='ocrx_word' id='word_1_125' title='bbox 555 1027 619 1046; x_wconf 83' lang='lat' dir='ltr'><strong>rem</strong></span> <span class='ocrx_word' id='word_1_126' title='bbox 645 1019 803 1054; x_wconf 72' lang='lat' dir='ltr'><strong>inyratam</strong></span> <span class='ocrx_word' id='word_1_127' title='bbox 827 1019 949 1055; x_wconf 78' lang='lat' dir='ltr'><strong>incitor,</strong></span> <span class='ocrx_word' id='word_1_128' title='bbox 974 1020 1106 1048; x_wconf 76' lang='lat' dir='ltr'><strong>consilio</strong></span> <span class='ocrx_word' id='word_1_129' title='bbox 1129 1024 1220 1058; x_wconf 81' lang='lat' dir='ltr'><strong>capto</strong></span> <span class='ocrx_word' id='word_1_130' title='bbox 1242 1030 1305 1050; x_wconf 81' lang='lat' dir='ltr'><strong>non</strong></span> <span class='ocrx_word' id='word_1_131' title='bbox 1330 1022 1416 1050; x_wconf 78' lang='lat' dir='ltr'><strong>dico:</strong></span> <span class='ocrx_word' id='word_1_132' title='bbox 1443 1021 1573 1050; x_wconf 76' lang='lat' dir='ltr'><strong>Utmam</strong></span> <span class='ocrx_word' id='word_1_133' title='bbox 1596 1029 1659 1048; x_wconf 81' lang='lat' dir='ltr'><strong>non</strong></span> <span class='ocrx_word' id='word_1_134' title='bbox 1678 1018 1849 1058; x_wconf 79' lang='lat' dir='ltr'><strong>fecissem!</strong></span> 
     </span>
    </p>
   </div>
   <div class='ocr_carea' id='block_1_7' title="bbox 350 1088 2045 1130">
    <p class='ocr_par' dir='ltr' id='par_1_8' title="bbox 350 1088 2045 1130">
     <span class='ocr_line' id='line_1_15' title="bbox 350 1088 2045 1130; baseline 0.001 -12"><span class='ocrx_word' id='word_1_135' title='bbox 350 1089 401 1119; x_wconf 84' lang='lat' dir='ltr'><strong>Ad</strong></span> <span class='ocrx_word' id='word_1_136' title='bbox 428 1089 522 1118; x_wconf 86' lang='lat' dir='ltr'><strong>istam</strong></span> <span class='ocrx_word' id='word_1_137' title='bbox 550 1097 614 1116; x_wconf 87' lang='lat' dir='ltr'><strong>rem</strong></span> <span class='ocrx_word' id='word_1_138' title='bbox 643 1092 792 1116; x_wconf 86' lang='lat' dir='ltr'><strong>coactum</strong></span> <span class='ocrx_word' id='word_1_139' title='bbox 819 1095 854 1117; x_wconf 88' lang='lat' dir='ltr'><strong>se</strong></span> <span class='ocrx_word' id='word_1_140' title='bbox 882 1098 959 1118; x_wconf 90' lang='lat' dir='ltr'><strong>esse</strong></span> <span class='ocrx_word' id='word_1_141' title='bbox 986 1089 1146 1129; x_wconf 81' lang='lat' dir='ltr'><strong>ostendit3</strong></span> <span class='ocrx_word' id='word_1_142' title='bbox 1176 1094 1241 1120; x_wconf 83' lang='lat' dir='ltr'><strong>tum</strong></span> <span class='ocrx_word' id='word_1_143' title='bbox 1272 1091 1365 1120; x_wconf 86' lang='lat' dir='ltr'><strong>animi</strong></span> <span class='ocrx_word' id='word_1_144' title='bbox 1393 1090 1603 1120; x_wconf 77' lang='lat' dir='ltr'><strong>constantiam</strong></span> <span class='ocrx_word' id='word_1_145' title='bbox 1630 1088 1906 1129; x_wconf 76' lang='lat' dir='ltr'><strong>fortitudinemque</strong></span> <span class='ocrx_word' id='word_1_146' title='bbox 1928 1088 2045 1130; x_wconf 80' lang='lat' dir='ltr'><strong>iaudat,</strong></span> 
     </span>
    </p>
   </div>
   <div class='ocr_carea' id='block_1_8' title="bbox 253 1150 1287 1192">
    <p class='ocr_par' dir='ltr' id='par_1_9' title="bbox 253 1150 1287 1192">
     <span class='ocr_line' id='line_1_16' title="bbox 253 1150 1287 1192; baseline -0.002 -10"><span class='ocrx_word' id='word_1_147' title='bbox 253 1162 335 1192; x_wconf 85' lang='lat' dir='ltr'><strong>quae</strong></span> <span class='ocrx_word' id='word_1_148' title='bbox 366 1155 453 1181; x_wconf 85' lang='lat' dir='ltr'><strong>tanta</strong></span> <span class='ocrx_word' id='word_1_149' title='bbox 478 1152 532 1189; x_wconf 87' lang='lat' dir='ltr'><strong>sit,</strong></span> <span class='ocrx_word' id='word_1_150' title='bbox 561 1154 594 1180; x_wconf 88' lang='lat' dir='ltr'><strong>ut</strong></span> <span class='ocrx_word' id='word_1_151' title='bbox 621 1150 725 1188; x_wconf 89' lang='lat' dir='ltr'><strong>ipsum</strong></span> <span class='ocrx_word' id='word_1_152' title='bbox 753 1151 799 1179; x_wconf 88' lang='lat' dir='ltr'><strong>rei</strong></span> <span class='ocrx_word' id='word_1_153' title='bbox 823 1154 974 1190; x_wconf 81' lang='lat' dir='ltr'><strong>peractae</strong></span> <span class='ocrx_word' id='word_1_154' title='bbox 1001 1151 1086 1181; x_wconf 87' lang='lat' dir='ltr'><strong>haud</strong></span> <span class='ocrx_word' id='word_1_155' title='bbox 1114 1152 1287 1191; x_wconf 86' lang='lat' dir='ltr'><strong>poeniteat.</strong></span> 
     </span>
    </p>
   </div>
   <div class='ocr_carea' id='block_1_9' title="bbox 693 1245 1614 1341">
    <p class='ocr_par' dir='ltr' id='par_1_10' title="bbox 693 1245 1614 1341">
     <span class='ocr_line' id='line_1_17' title="bbox 1075 1245 1249 1279; baseline -0.017 0"><span class='ocrx_word' id='word_1_156' title='bbox 1075 1245 1249 1279; x_wconf 71' lang='lat' dir='ltr'><strong>CCXL.</strong></span> 
     </span>
     <span class='ocr_line' id='line_1_18' title="bbox 693 1297 1614 1341; baseline 0 -10"><span class='ocrx_word' id='word_1_157' title='bbox 693 1297 833 1331; x_wconf 74' lang='lat' dir='ltr'><strong>Dixit</strong></span> <span class='ocrx_word' id='word_1_158' title='bbox 855 1297 932 1332; x_wconf 70' lang='lat' dir='ltr'><strong>vir</strong></span> <span class='ocrx_word' id='word_1_159' title='bbox 955 1299 1156 1341; x_wconf 74' lang='lat' dir='ltr'><strong>quidam</strong></span> <span class='ocrx_word' id='word_1_160' title='bbox 1181 1309 1208 1333; x_wconf 83' lang='lat' dir='ltr'><strong>e</strong></span> <span class='ocrx_word' id='word_1_161' title='bbox 1231 1301 1375 1341; x_wconf 73' lang='lat' dir='ltr'><strong>gente</strong></span> <span class='ocrx_word' id='word_1_162' title='bbox 1398 1298 1614 1333; x_wconf 69' lang='lat' dir='ltr'><strong>Nomair.</strong></span> 
     </span>
    </p>
   </div>
   <div class='ocr_carea' id='block_1_10' title="bbox 253 1367 2050 2468">
    <p class='ocr_par' dir='ltr' id='par_1_11' title="bbox 253 1367 2050 2468">
     <span class='ocr_line' id='line_1_19' title="bbox 253 1367 1923 1408; baseline 0.001 -11"><span class='ocrx_word' id='word_1_163' title='bbox 253 1369 281 1398; x_wconf 86' lang='grc'><strong>1.</strong></span> <span class='ocrx_word' id='word_1_164' title='bbox 306 1369 375 1405; x_wconf 74' lang='lat' dir='ltr'><strong>qu</strong></span> <span class='ocrx_word' id='word_1_165' title='bbox 395 1367 482 1405; x_wconf 78' lang='lat' dir='ltr'><strong>filius</strong></span> <span class='ocrx_word' id='word_1_166' title='bbox 503 1368 684 1404; x_wconf 76' lang='lat' dir='ltr'><strong>principum</strong></span> <span class='ocrx_word' id='word_1_167' title='bbox 706 1377 723 1396; x_wconf 79' lang='lat' dir='ltr'><strong>e.</strong></span> <span class='ocrx_word' id='word_1_168' title='bbox 742 1371 836 1404; x_wconf 75' lang='lat' dir='ltr'><strong>yetzle</strong></span> <span class='ocrx_word' id='word_1_169' title='bbox 858 1367 984 1397; x_wconf 80' lang='lat' dir='ltr'><strong>Alzmru</strong></span> <span class='ocrx_word' id='word_1_170' title='bbox 1007 1379 1077 1398; x_wconf 78' lang='lat' dir='ltr'><strong>sum</strong></span> <span class='ocrx_word' id='word_1_171' title='bbox 1100 1372 1131 1398; x_wconf 82' lang='lat' dir='ltr'><strong>et</strong></span> <span class='ocrx_word' id='word_1_172' title='bbox 1151 1371 1290 1408; x_wconf 79' lang='lat' dir='ltr'><strong>equitum</strong></span> <span class='ocrx_word' id='word_1_173' title='bbox 1313 1372 1521 1406; x_wconf 75' lang='lat' dir='ltr'><strong>suqyesluum</strong></span> <span class='ocrx_word' id='word_1_174' title='bbox 1544 1379 1561 1397; x_wconf 83' lang='lat' dir='ltr'><strong>e</strong></span> <span class='ocrx_word' id='word_1_175' title='bbox 1581 1371 1676 1405; x_wconf 73' lang='lat' dir='ltr'><strong>yente</strong></span> <span class='ocrx_word' id='word_1_176' title='bbox 1697 1369 1821 1406; x_wconf 76' lang='lat' dir='ltr'><strong>Djenab</strong></span> <span class='ocrx_word' id='word_1_177' title='bbox 1843 1378 1923 1398; x_wconf 79' lang='lat' dir='ltr'><strong>sum.</strong></span> 
     </span>
     <span class='ocr_line' id='line_1_20' title="bbox 357 1406 2046 1466; baseline -0.001 -10"><span class='ocrx_word' id='word_1_178' title='bbox 357 1425 492 1466; x_wconf 80' lang='lat' dir='ltr'><strong>Genus,</strong></span> <span class='ocrx_word' id='word_1_179' title='bbox 528 1436 545 1456; x_wconf 87' lang='lat' dir='ltr'><strong>e</strong></span> <span class='ocrx_word' id='word_1_180' title='bbox 573 1436 635 1466; x_wconf 91' lang='lat' dir='ltr'><strong>quo</strong></span> <span class='ocrx_word' id='word_1_181' title='bbox 664 1426 815 1456; x_wconf 88' lang='lat' dir='ltr'><strong>oriundus</strong></span> <span class='ocrx_word' id='word_1_182' title='bbox 844 1431 914 1466; x_wconf 77' lang='lat' dir='ltr'><strong>est,</strong></span> <span class='ocrx_word' id='word_1_183' title='bbox 943 1426 1061 1455; x_wconf 80' lang='lat' dir='ltr'><strong>laudat.</strong></span> <span class='ocrx_word' id='word_1_184' title='bbox 1114 1426 1159 1455; x_wconf 89' lang='lat' dir='ltr'><strong>Se</strong></span> <span class='ocrx_word' id='word_1_185' title='bbox 1187 1425 1325 1465; x_wconf 86' lang='lat' dir='ltr'><strong>appellat</strong></span> <span class='ocrx_word' id='word_1_186' title='bbox 1354 1424 1452 1455; x_wconf 84' lang='lat' dir='ltr'><strong>filium</strong></span> <span class='ocrx_word' id='word_1_187' title='bbox 1481 1425 1657 1465; x_wconf 82' lang='lat' dir='ltr'><strong>principum</strong></span> <span class='ocrx_word' id='word_1_188' title='bbox 1684 1427 1704 1455; x_wconf 89' lang='lat' dir='ltr'><strong>i.</strong></span> <span class='ocrx_word' id='word_1_189' title='bbox 1732 1435 1761 1455; x_wconf 89' lang='lat' dir='ltr'><strong>e.</strong></span> <span class='ocrx_word' id='word_1_190' title='bbox 1790 1425 1882 1455; x_wconf 87' lang='lat' dir='ltr'><strong>cuius</strong></span> <span class='ocrx_word' id='word_1_191' title='bbox 1909 1406 2046 1455; x_wconf 70' lang='lat' dir='ltr'><strong>maiores</strong></span> 
     </span>
     <span class='ocr_line' id='line_1_21' title="bbox 254 1487 2047 1528; baseline -0.001 -10"><span class='ocrx_word' id='word_1_192' title='bbox 254 1488 413 1528; x_wconf 80' lang='lat' dir='ltr'><strong>principes</strong></span> <span class='ocrx_word' id='word_1_193' title='bbox 441 1491 539 1518; x_wconf 84' lang='lat' dir='ltr'><strong>erant.</strong></span> <span class='ocrx_word' id='word_1_194' title='bbox 593 1488 677 1518; x_wconf 86' lang='lat' dir='ltr'><strong>Ante</strong></span> <span class='ocrx_word' id='word_1_195' title='bbox 706 1492 831 1526; x_wconf 87' lang='lat' dir='ltr'><strong>tempus</strong></span> <span class='ocrx_word' id='word_1_196' title='bbox 858 1488 964 1518; x_wconf 85' lang='lat' dir='ltr'><strong>lslami</strong></span> <span class='ocrx_word' id='word_1_197' title='bbox 992 1493 1105 1527; x_wconf 87' lang='lat' dir='ltr'><strong>quarta</strong></span> <span class='ocrx_word' id='word_1_198' title='bbox 1130 1498 1205 1528; x_wconf 89' lang='lat' dir='ltr'><strong>pars</strong></span> <span class='ocrx_word' id='word_1_199' title='bbox 1235 1489 1375 1528; x_wconf 79' lang='lat' dir='ltr'><strong>praedae</strong></span> <span class='ocrx_word' id='word_1_200' title='bbox 1403 1488 1472 1518; x_wconf 87' lang='lat' dir='ltr'><strong>duci</strong></span> <span class='ocrx_word' id='word_1_201' title='bbox 1499 1491 1586 1527; x_wconf 76' lang='lat' dir='ltr'><strong>erat,</strong></span> <span class='ocrx_word' id='word_1_202' title='bbox 1628 1492 1771 1527; x_wconf 88' lang='lat' dir='ltr'><strong>tempore</strong></span> <span class='ocrx_word' id='word_1_203' title='bbox 1797 1487 1904 1518; x_wconf 86' lang='lat' dir='ltr'><strong>Islami</strong></span> <span class='ocrx_word' id='word_1_204' title='bbox 1931 1487 2047 1526; x_wconf 80' lang='lat' dir='ltr'><strong>quinta.</strong></span> 
     </span>
     <span class='ocr_line' id='line_1_22' title="bbox 257 1545 2047 1598; baseline -0.001 -19"><span class='ocrx_word' id='word_1_205' title='bbox 257 1550 331 1579; x_wconf 88' lang='lat' dir='ltr'><strong>Inde</strong></span> <span class='ocrx_word' id='word_1_206' title='bbox 360 1549 424 1579; x_wconf 88' lang='lat' dir='ltr'><strong>dux</strong></span> <span class='ocrx_word' id='word_1_207' title='bbox 460 1558 574 1579; x_wconf 84' lang='lat' dir='ltr'><strong>nomen</strong></span> <span class='ocrx_word' id='word_1_208' title='bbox 603 1545 686 1598; x_wconf 37' lang='lat'><strong>&amp;5²³3</strong></span> <span class='ocrx_word' id='word_1_209' title='bbox 714 1554 858 1588; x_wconf 87' lang='lat' dir='ltr'><strong>tempore</strong></span> <span class='ocrx_word' id='word_1_210' title='bbox 885 1554 959 1579; x_wconf 90' lang='lat' dir='ltr'><strong>ante</strong></span> <span class='ocrx_word' id='word_1_211' title='bbox 986 1550 1135 1580; x_wconf 89' lang='lat' dir='ltr'><strong>lslamum</strong></span> <span class='ocrx_word' id='word_1_212' title='bbox 1161 1551 1297 1590; x_wconf 89' lang='lat' dir='ltr'><strong>accepit.</strong></span> <span class='ocrx_word' id='word_1_213' title='bbox 1350 1551 1398 1580; x_wconf 87' lang='lat' dir='ltr'><strong>De</strong></span> <span class='ocrx_word' id='word_1_214' title='bbox 1425 1549 1545 1589; x_wconf 86' lang='lat' dir='ltr'><strong>praeda</strong></span> <span class='ocrx_word' id='word_1_215' title='bbox 1570 1549 1641 1579; x_wconf 86' lang='lat' dir='ltr'><strong>duci</strong></span> <span class='ocrx_word' id='word_1_216' title='bbox 1668 1548 1874 1579; x_wconf 78' lang='lat' dir='ltr'><strong>concedenda</strong></span> <span class='ocrx_word' id='word_1_217' title='bbox 1899 1547 2047 1578; x_wconf 81' lang='lat' dir='ltr'><strong>conferas</strong></span> 
     </span>
     <span class='ocr_line' id='line_1_23' title="bbox 256 1610 2046 1651; baseline -0.001 -9"><span class='ocrx_word' id='word_1_218' title='bbox 256 1612 337 1642; x_wconf 87' lang='lat' dir='ltr'><strong>Ham</strong></span> <span class='ocrx_word' id='word_1_219' title='bbox 380 1621 409 1650; x_wconf 90' lang='lat' dir='ltr'><strong>p.</strong></span> <span class='ocrx_word' id='word_1_220' title='bbox 436 1610 488 1640; x_wconf 57' lang='lat' dir='ltr'><strong>foss</strong></span> <span class='ocrx_word' id='word_1_221' title='bbox 515 1621 547 1640; x_wconf 83' lang='lat' dir='ltr'><strong>v.</strong></span> <span class='ocrx_word' id='word_1_222' title='bbox 577 1612 621 1651; x_wconf 73' lang='grc'><strong>4.,</strong></span> <span class='ocrx_word' id='word_1_223' title='bbox 651 1611 701 1640; x_wconf 94' lang='lat' dir='ltr'><strong>ubi</strong></span> <span class='ocrx_word' id='word_1_224' title='bbox 730 1612 870 1650; x_wconf 86' lang='lat' dir='ltr'><strong>pluribus</strong></span> <span class='ocrx_word' id='word_1_225' title='bbox 898 1622 964 1641; x_wconf 89' lang='lat' dir='ltr'><strong>rem</strong></span> <span class='ocrx_word' id='word_1_226' title='bbox 1001 1613 1218 1643; x_wconf 84' lang='lat' dir='ltr'><strong>tractabimus.</strong></span> <span class='ocrx_word' id='word_1_227' title='bbox 1285 1613 1427 1643; x_wconf 83' lang='lat' dir='ltr'><strong>Ducibus</strong></span> <span class='ocrx_word' id='word_1_228' title='bbox 1464 1612 1618 1651; x_wconf 87' lang='lat' dir='ltr'><strong>temporis</strong></span> <span class='ocrx_word' id='word_1_229' title='bbox 1651 1617 1725 1642; x_wconf 89' lang='lat' dir='ltr'><strong>ante</strong></span> <span class='ocrx_word' id='word_1_230' title='bbox 1762 1612 1911 1641; x_wconf 83' lang='lat' dir='ltr'><strong>lslamum</strong></span> <span class='ocrx_word' id='word_1_231' title='bbox 1947 1611 2046 1641; x_wconf 88' lang='lat' dir='ltr'><strong>duces</strong></span> 
     </span>
     <span class='ocr_line' id='line_1_24' title="bbox 257 1673 2048 1718; baseline -0.001 -14"><span class='ocrx_word' id='word_1_232' title='bbox 257 1675 409 1713; x_wconf 86' lang='lat' dir='ltr'><strong>temporis</strong></span> <span class='ocrx_word' id='word_1_233' title='bbox 438 1673 563 1714; x_wconf 72' lang='lat' dir='ltr'><strong>Islami,</strong></span> <span class='ocrx_word' id='word_1_234' title='bbox 600 1683 679 1712; x_wconf 91' lang='lat' dir='ltr'><strong>quos</strong></span> <span class='ocrx_word' id='word_1_235' title='bbox 707 1674 829 1712; x_wconf 82' lang='lat' dir='ltr'><strong>equites</strong></span> <span class='ocrx_word' id='word_1_236' title='bbox 856 1679 1073 1715; x_wconf 77' lang='lat' dir='ltr'><strong>sug-gestuum</strong></span> <span class='ocrx_word' id='word_1_237' title='bbox 1104 1675 1261 1715; x_wconf 76' lang='lat' dir='ltr'><strong>appellat,</strong></span> <span class='ocrx_word' id='word_1_238' title='bbox 1289 1676 1426 1714; x_wconf 89' lang='lat' dir='ltr'><strong>opponit.</strong></span> <span class='ocrx_word' id='word_1_239' title='bbox 1479 1676 1554 1705; x_wconf 71' lang='lat' dir='ltr'><strong>Vox</strong></span> <span class='ocrx_word' id='word_1_240' title='bbox 1578 1679 1645 1718; x_wconf 52' lang='lat'><strong>542⁸</strong></span> <span class='ocrx_word' id='word_1_241' title='bbox 1672 1675 1772 1705; x_wconf 84' lang='lat' dir='ltr'><strong>locum</strong></span> <span class='ocrx_word' id='word_1_242' title='bbox 1811 1674 1979 1715; x_wconf 75' lang='lat' dir='ltr'><strong>designat,</strong></span> <span class='ocrx_word' id='word_1_243' title='bbox 2017 1674 2048 1703; x_wconf 91' lang='lat' dir='ltr'><strong>in</strong></span> 
     </span>
     <span class='ocr_line' id='line_1_25' title="bbox 256 1734 2047 1777; baseline -0.001 -11"><span class='ocrx_word' id='word_1_244' title='bbox 256 1746 316 1776; x_wconf 90' lang='lat' dir='ltr'><strong>quo</strong></span> <span class='ocrx_word' id='word_1_245' title='bbox 344 1737 394 1766; x_wconf 86' lang='lat' dir='ltr'><strong>die</strong></span> <span class='ocrx_word' id='word_1_246' title='bbox 422 1737 559 1767; x_wconf 86' lang='lat' dir='ltr'><strong>Veneris</strong></span> <span class='ocrx_word' id='word_1_247' title='bbox 590 1746 699 1776; x_wconf 81' lang='lat' dir='ltr'><strong>preces</strong></span> <span class='ocrx_word' id='word_1_248' title='bbox 727 1738 870 1776; x_wconf 80' lang='lat' dir='ltr'><strong>publicas</strong></span> <span class='ocrx_word' id='word_1_249' title='bbox 898 1747 1140 1777; x_wconf 86' lang='lat' dir='ltr'><strong>sermonemque</strong></span> <span class='ocrx_word' id='word_1_250' title='bbox 1167 1734 1298 1776; x_wconf 53' lang='lat' dir='ltr'><strong>(ii-4125)</strong></span> <span class='ocrx_word' id='word_1_251' title='bbox 1326 1737 1497 1767; x_wconf 79' lang='lat' dir='ltr'><strong>faciebant.</strong></span> <span class='ocrx_word' id='word_1_252' title='bbox 1550 1738 1622 1767; x_wconf 86' lang='lat' dir='ltr'><strong>Hoc</strong></span> <span class='ocrx_word' id='word_1_253' title='bbox 1642 1737 1786 1768; x_wconf 86' lang='lat' dir='ltr'><strong>Chalifae</strong></span> <span class='ocrx_word' id='word_1_254' title='bbox 1811 1735 2047 1775; x_wconf 87' lang='lat' dir='ltr'><strong>(imperatoris)</strong></span> 
     </span>
     <span class='ocr_line' id='line_1_26' title="bbox 259 1799 2046 1842; baseline -0.001 -13"><span class='ocrx_word' id='word_1_255' title='bbox 259 1800 396 1829; x_wconf 83' lang='lat' dir='ltr'><strong>officium</strong></span> <span class='ocrx_word' id='word_1_256' title='bbox 424 1804 504 1840; x_wconf 71' lang='lat' dir='ltr'><strong>erat,</strong></span> <span class='ocrx_word' id='word_1_257' title='bbox 535 1803 586 1839; x_wconf 87' lang='lat' dir='ltr'><strong>qui</strong></span> <span class='ocrx_word' id='word_1_258' title='bbox 615 1805 708 1830; x_wconf 82' lang='lat' dir='ltr'><strong>stans</strong></span> <span class='ocrx_word' id='word_1_259' title='bbox 737 1811 801 1830; x_wconf 89' lang='lat' dir='ltr'><strong>rem</strong></span> <span class='ocrx_word' id='word_1_260' title='bbox 831 1802 1017 1842; x_wconf 83' lang='lat' dir='ltr'><strong>peragebat.</strong></span> <span class='ocrx_word' id='word_1_261' title='bbox 1070 1800 1307 1840; x_wconf 82' lang='lat' dir='ltr'><strong>Moahwijahus</strong></span> <span class='ocrx_word' id='word_1_262' title='bbox 1337 1800 1454 1830; x_wconf 83' lang='lat' dir='ltr'><strong>sedens</strong></span> <span class='ocrx_word' id='word_1_263' title='bbox 1481 1801 1509 1830; x_wconf 91' lang='lat' dir='ltr'><strong>id</strong></span> <span class='ocrx_word' id='word_1_264' title='bbox 1540 1800 1646 1831; x_wconf 87' lang='lat' dir='ltr'><strong>facere</strong></span> <span class='ocrx_word' id='word_1_265' title='bbox 1683 1800 1801 1839; x_wconf 79' lang='lat' dir='ltr'><strong>incepit</strong></span> <span class='ocrx_word' id='word_1_266' title='bbox 1830 1799 1935 1829; x_wconf 86' lang='lat' dir='ltr'><strong>Abulf.</strong></span> <span class='ocrx_word' id='word_1_267' title='bbox 1964 1800 2046 1828; x_wconf 84' lang='lat' dir='ltr'><strong>Ann.</strong></span> 
     </span>
     <span class='ocr_line' id='line_1_27' title="bbox 255 1860 2049 1904; baseline -0.001 -13"><span class='ocrx_word' id='word_1_268' title='bbox 255 1863 291 1891; x_wconf 80' lang='lat' dir='ltr'><strong>T.</strong></span> <span class='ocrx_word' id='word_1_269' title='bbox 319 1863 339 1892; x_wconf 84' lang='lat'><strong>1.</strong></span> <span class='ocrx_word' id='word_1_270' title='bbox 368 1873 397 1901; x_wconf 88' lang='lat' dir='ltr'><strong>p.</strong></span> <span class='ocrx_word' id='word_1_271' title='bbox 426 1861 507 1892; x_wconf 78' lang='lat'>380.</span> <span class='ocrx_word' id='word_1_272' title='bbox 561 1863 646 1892; x_wconf 87' lang='lat' dir='ltr'><strong>Inter</strong></span> <span class='ocrx_word' id='word_1_273' title='bbox 675 1863 819 1893; x_wconf 83' lang='lat' dir='ltr'><strong>Chalifas</strong></span> <span class='ocrx_word' id='word_1_274' title='bbox 849 1863 1157 1894; x_wconf 81' lang='lat' dir='ltr'><strong>Almostarschedus</strong></span> <span class='ocrx_word' id='word_1_275' title='bbox 1186 1860 1293 1904; x_wconf 84' lang='lat' dir='ltr'><strong>(mort.</strong></span> <span class='ocrx_word' id='word_1_276' title='bbox 1323 1860 1420 1904; x_wconf 73' lang='lat'>529.)</span> <span class='ocrx_word' id='word_1_277' title='bbox 1449 1863 1574 1893; x_wconf 72' lang='lat' dir='ltr'><strong>ultimus</strong></span> <span class='ocrx_word' id='word_1_278' title='bbox 1602 1868 1691 1903; x_wconf 83' lang='lat' dir='ltr'><strong>erat,</strong></span> <span class='ocrx_word' id='word_1_279' title='bbox 1728 1863 1780 1903; x_wconf 91' lang='lat' dir='ltr'><strong>qui</strong></span> <span class='ocrx_word' id='word_1_280' title='bbox 1817 1861 1953 1892; x_wconf 86' lang='lat' dir='ltr'><strong>officium</strong></span> <span class='ocrx_word' id='word_1_281' title='bbox 1987 1861 2049 1891; x_wconf 87' lang='lat' dir='ltr'><strong>hoc</strong></span> 
     </span>
     <span class='ocr_line' id='line_1_28' title="bbox 257 1923 2048 1965; baseline -0.001 -11"><span class='ocrx_word' id='word_1_282' title='bbox 257 1930 437 1963; x_wconf 77' lang='lat' dir='ltr'><strong>praestaret</strong></span> <span class='ocrx_word' id='word_1_283' title='bbox 463 1925 523 1964; x_wconf 82' lang='lat' dir='ltr'><strong>(ib.</strong></span> <span class='ocrx_word' id='word_1_284' title='bbox 549 1926 586 1955; x_wconf 83' lang='lat' dir='ltr'><strong>T.</strong></span> <span class='ocrx_word' id='word_1_285' title='bbox 615 1926 668 1955; x_wconf 84' lang='lat'><em>111.</em></span> <span class='ocrx_word' id='word_1_286' title='bbox 697 1926 793 1955; x_wconf 86' lang='lat' dir='ltr'><strong>adnot</strong></span> <span class='ocrx_word' id='word_1_287' title='bbox 835 1925 948 1965; x_wconf 60' lang='lat'><strong><em>327).</em></strong></span> <span class='ocrx_word' id='word_1_288' title='bbox 1000 1927 1034 1955; x_wconf 91' lang='lat' dir='ltr'><strong>In</strong></span> <span class='ocrx_word' id='word_1_289' title='bbox 1063 1926 1237 1965; x_wconf 83' lang='lat' dir='ltr'><strong>provinciis</strong></span> <span class='ocrx_word' id='word_1_290' title='bbox 1266 1925 1422 1965; x_wconf 78' lang='lat' dir='ltr'><strong>praefecti</strong></span> <span class='ocrx_word' id='word_1_291' title='bbox 1462 1925 1566 1955; x_wconf 80' lang='lat' dir='ltr'><strong>officio</strong></span> <span class='ocrx_word' id='word_1_292' title='bbox 1602 1925 1826 1965; x_wconf 80' lang='lat' dir='ltr'><strong>fungebantur.</strong></span> <span class='ocrx_word' id='word_1_293' title='bbox 1880 1923 2048 1964; x_wconf 82' lang='lat' dir='ltr'><strong>Equitibus</strong></span> 
     </span>
     <span class='ocr_line' id='line_1_29' title="bbox 255 1975 2047 2030; baseline -0.002 -11"><span class='ocrx_word' id='word_1_294' title='bbox 255 1995 470 2030; x_wconf 78' lang='lat' dir='ltr'><strong>suggestuum</strong></span> <span class='ocrx_word' id='word_1_295' title='bbox 499 1975 559 2018; x_wconf 84' lang='lat' dir='ltr'><strong>non</strong></span> <span class='ocrx_word' id='word_1_296' title='bbox 587 1989 687 2018; x_wconf 86' lang='lat' dir='ltr'><strong>bonos</strong></span> <span class='ocrx_word' id='word_1_297' title='bbox 715 1995 860 2019; x_wconf 87' lang='lat' dir='ltr'><strong>oratores</strong></span> <span class='ocrx_word' id='word_1_298' title='bbox 888 1989 1070 2030; x_wconf 84' lang='lat' dir='ltr'><strong>significare</strong></span> <span class='ocrx_word' id='word_1_299' title='bbox 1099 1987 1186 2027; x_wconf 79' lang='lat' dir='ltr'><strong>vult3</strong></span> <span class='ocrx_word' id='word_1_300' title='bbox 1215 1989 1272 2018; x_wconf 84' lang='lat' dir='ltr'><strong>sed</strong></span> <span class='ocrx_word' id='word_1_301' title='bbox 1304 1989 1461 2027; x_wconf 87' lang='lat' dir='ltr'><strong>principes</strong></span> <span class='ocrx_word' id='word_1_302' title='bbox 1482 1990 1635 2027; x_wconf 86' lang='lat' dir='ltr'><strong>temporis</strong></span> <span class='ocrx_word' id='word_1_303' title='bbox 1654 1988 1772 2026; x_wconf 60' lang='lat' dir='ltr'><strong>Mami,</strong></span> <span class='ocrx_word' id='word_1_304' title='bbox 1801 1988 1918 2027; x_wconf 87' lang='lat' dir='ltr'><strong>quippe</strong></span> <span class='ocrx_word' id='word_1_305' title='bbox 1935 1986 2047 2026; x_wconf 86' lang='lat' dir='ltr'><strong>quibus</strong></span> 
     </span>
     <span class='ocr_line' id='line_1_30' title="bbox 257 2049 2049 2091; baseline -0.001 -11"><span class='ocrx_word' id='word_1_306' title='bbox 257 2053 430 2081; x_wconf 88' lang='lat' dir='ltr'><strong>orationem</strong></span> <span class='ocrx_word' id='word_1_307' title='bbox 460 2051 592 2080; x_wconf 87' lang='lat' dir='ltr'><strong>habendi</strong></span> <span class='ocrx_word' id='word_1_308' title='bbox 621 2051 759 2082; x_wconf 87' lang='lat' dir='ltr'><strong>officium</strong></span> <span class='ocrx_word' id='word_1_309' title='bbox 788 2057 888 2083; x_wconf 87' lang='lat' dir='ltr'><strong>esset.</strong></span> <span class='ocrx_word' id='word_1_310' title='bbox 942 2053 1037 2082; x_wconf 89' lang='lat' dir='ltr'><strong>llunc</strong></span> <span class='ocrx_word' id='word_1_311' title='bbox 1072 2058 1177 2083; x_wconf 87' lang='lat' dir='ltr'><strong>autem</strong></span> <span class='ocrx_word' id='word_1_312' title='bbox 1212 2052 1359 2091; x_wconf 79' lang='lat' dir='ltr'><strong>loquendi</strong></span> <span class='ocrx_word' id='word_1_313' title='bbox 1396 2052 1519 2084; x_wconf 88' lang='lat' dir='ltr'><strong>modum</strong></span> <span class='ocrx_word' id='word_1_314' title='bbox 1546 2051 1796 2091; x_wconf 86' lang='lat' dir='ltr'><strong>metaphoricum</strong></span> <span class='ocrx_word' id='word_1_315' title='bbox 1824 2059 1912 2090; x_wconf 85' lang='lat' dir='ltr'><strong>esse,</strong></span> <span class='ocrx_word' id='word_1_316' title='bbox 1950 2049 2049 2079; x_wconf 87' lang='lat' dir='ltr'><strong>scho-</strong></span> 
     </span>
     <span class='ocr_line' id='line_1_31' title="bbox 259 2110 2048 2153; baseline -0.003 -7"><span class='ocrx_word' id='word_1_317' title='bbox 259 2117 371 2146; x_wconf 82' lang='lat' dir='ltr'><strong>liastes</strong></span> <span class='ocrx_word' id='word_1_318' title='bbox 400 2115 575 2152; x_wconf 80' lang='lat' dir='ltr'><strong>adnotans,</strong></span> <span class='ocrx_word' id='word_1_319' title='bbox 617 2126 688 2145; x_wconf 88' lang='lat' dir='ltr'><strong>eum</strong></span> <span class='ocrx_word' id='word_1_320' title='bbox 719 2126 790 2146; x_wconf 87' lang='lat' dir='ltr'><strong>cum</strong></span> <span class='ocrx_word' id='word_1_321' title='bbox 826 2116 935 2145; x_wconf 89' lang='lat' dir='ltr'><strong>verbis</strong></span> <span class='ocrx_word' id='word_1_322' title='bbox 961 2115 1093 2144; x_wconf 87' lang='lat' dir='ltr'><strong>Tsabeti</strong></span> <span class='ocrx_word' id='word_1_323' title='bbox 1122 2115 1150 2144; x_wconf 85' lang='lat' dir='ltr'><strong>b.</strong></span> <span class='ocrx_word' id='word_1_324' title='bbox 1177 2112 1368 2151; x_wconf 72' lang='lat' dir='ltr'><strong>Romnah&#39;]</strong></span> <span class='ocrx_word' id='word_1_325' title='bbox 1398 2113 1606 2153; x_wconf 83' lang='lat' dir='ltr'><strong>comparavit.</strong></span> <span class='ocrx_word' id='word_1_326' title='bbox 1660 2112 1720 2150; x_wconf 84' lang='lat' dir='ltr'><strong>Qui</strong></span> <span class='ocrx_word' id='word_1_327' title='bbox 1747 2112 1930 2151; x_wconf 86' lang='lat' dir='ltr'><strong>provinciae</strong></span> <span class='ocrx_word' id='word_1_328' title='bbox 1958 2110 2048 2141; x_wconf 82' lang='lat' dir='ltr'><strong>Cho-</strong></span> 
     </span>
     <span class='ocr_line' id='line_1_32' title="bbox 260 2171 2045 2221; baseline -0.004 -11"><span class='ocrx_word' id='word_1_329' title='bbox 260 2190 352 2210; x_wconf 84' lang='lat' dir='ltr'><strong>rasan</strong></span> <span class='ocrx_word' id='word_1_330' title='bbox 384 2180 571 2218; x_wconf 88' lang='lat' dir='ltr'><strong>praefectus</strong></span> <span class='ocrx_word' id='word_1_331' title='bbox 600 2189 693 2219; x_wconf 90' lang='lat' dir='ltr'><strong>quum</strong></span> <span class='ocrx_word' id='word_1_332' title='bbox 720 2185 911 2221; x_wconf 81' lang='lat' dir='ltr'><strong>suggestum</strong></span> <span class='ocrx_word' id='word_1_333' title='bbox 940 2179 1139 2210; x_wconf 81' lang='lat' dir='ltr'><strong>adscendens</strong></span> <span class='ocrx_word' id='word_1_334' title='bbox 1179 2179 1264 2217; x_wconf 89' lang='lat' dir='ltr'><strong>loqui</strong></span> <span class='ocrx_word' id='word_1_335' title='bbox 1299 2188 1361 2206; x_wconf 88' lang='lat' dir='ltr'><strong>non</strong></span> <span class='ocrx_word' id='word_1_336' title='bbox 1398 2180 1526 2215; x_wconf 84' lang='lat' dir='ltr'><strong>posset,</strong></span> <span class='ocrx_word' id='word_1_337' title='bbox 1567 2185 1697 2205; x_wconf 86' lang='lat' dir='ltr'><strong>versum</strong></span> <span class='ocrx_word' id='word_1_338' title='bbox 1725 2175 1808 2205; x_wconf 89' lang='lat' dir='ltr'><strong>hunc</strong></span> <span class='ocrx_word' id='word_1_339' title='bbox 1835 2175 1914 2204; x_wconf 85' lang='lat' dir='ltr'><strong>dixit</strong></span> <span class='ocrx_word' id='word_1_340' title='bbox 1939 2171 2045 2216; x_wconf 84' lang='lat' dir='ltr'><strong>(metr.</strong></span> 
     </span>
     <span class='ocr_line' id='line_1_33' title="bbox 260 2234 2047 2282; baseline -0.004 -10"><span class='ocrx_word' id='word_1_341' title='bbox 260 2243 421 2282; x_wconf 82' lang='lat' dir='ltr'><strong>&#39;l&#39;hawil):</strong></span> <span class='ocrx_word' id='word_1_342' title='bbox 452 2244 500 2273; x_wconf 87' lang='lat' dir='ltr'><strong>Et</strong></span> <span class='ocrx_word' id='word_1_343' title='bbox 526 2243 561 2272; x_wconf 88' lang='lat' dir='ltr'><strong>si</strong></span> <span class='ocrx_word' id='word_1_344' title='bbox 589 2243 699 2272; x_wconf 90' lang='lat' dir='ltr'><strong>inter</strong></span> <span class='ocrx_word' id='word_1_345' title='bbox 726 2253 802 2273; x_wconf 85' lang='lat' dir='ltr'><strong>vos</strong></span> <span class='ocrx_word' id='word_1_346' title='bbox 830 2247 979 2272; x_wconf 88' lang='lat' dir='ltr'><strong>orator</strong></span> <span class='ocrx_word' id='word_1_347' title='bbox 1008 2251 1085 2270; x_wconf 92' lang='lat' dir='ltr'><strong>non</strong></span> <span class='ocrx_word' id='word_1_348' title='bbox 1113 2249 1216 2280; x_wconf 80' lang='lat' dir='ltr'><strong>sum3</strong></span> <span class='ocrx_word' id='word_1_349' title='bbox 1247 2249 1321 2280; x_wconf 83' lang='lat' dir='ltr'><strong>ego</strong></span> <span class='ocrx_word' id='word_1_350' title='bbox 1342 2238 1482 2279; x_wconf 83' lang='lat' dir='ltr'><strong>giadio</strong></span> <span class='ocrx_word' id='word_1_351' title='bbox 1505 2247 1607 2274; x_wconf 84' lang='lat' dir='ltr'><strong>meo,</strong></span> <span class='ocrx_word' id='word_1_352' title='bbox 1636 2246 1753 2275; x_wconf 88' lang='lat' dir='ltr'><strong>quum</strong></span> <span class='ocrx_word' id='word_1_353' title='bbox 1774 2246 1914 2277; x_wconf 85' lang='lat' dir='ltr'><strong>pugna</strong></span> <span class='ocrx_word' id='word_1_354' title='bbox 1940 2234 2047 2265; x_wconf 84' lang='lat' dir='ltr'><strong>acris</strong></span> 
     </span>
     <span class='ocr_line' id='line_1_34' title="bbox 262 2298 2048 2343; baseline -0.004 -10"><span class='ocrx_word' id='word_1_355' title='bbox 262 2309 349 2337; x_wconf 75' lang='lat' dir='ltr'><strong>est,</strong></span> <span class='ocrx_word' id='word_1_356' title='bbox 387 2309 531 2334; x_wconf 89' lang='lat' dir='ltr'><strong>orator</strong></span> <span class='ocrx_word' id='word_1_357' title='bbox 557 2314 653 2335; x_wconf 90' lang='lat' dir='ltr'><strong>sum.</strong></span> <span class='ocrx_word' id='word_1_358' title='bbox 716 2305 903 2334; x_wconf 84' lang='lat' dir='ltr'><strong>Mersukius</strong></span> <span class='ocrx_word' id='word_1_359' title='bbox 940 2303 1038 2343; x_wconf 77' lang='lat' dir='ltr'><strong>dixit,</strong></span> <span class='ocrx_word' id='word_1_360' title='bbox 1077 2308 1204 2341; x_wconf 87' lang='lat' dir='ltr'><strong>poetam</strong></span> <span class='ocrx_word' id='word_1_361' title='bbox 1231 2302 1364 2331; x_wconf 79' lang='lat' dir='ltr'><strong>Alimrui</strong></span> <span class='ocrx_word' id='word_1_362' title='bbox 1392 2300 1591 2339; x_wconf 82' lang='lat' dir='ltr'><strong>Djanabique</strong></span> <span class='ocrx_word' id='word_1_363' title='bbox 1619 2299 1806 2328; x_wconf 87' lang='lat' dir='ltr'><strong>mentionem</strong></span> <span class='ocrx_word' id='word_1_364' title='bbox 1836 2298 1973 2337; x_wconf 82' lang='lat' dir='ltr'><strong>fecisse,</strong></span> <span class='ocrx_word' id='word_1_365' title='bbox 2015 2301 2048 2326; x_wconf 93' lang='lat' dir='ltr'><strong>ut</strong></span> 
     </span>
     <span class='ocr_line' id='line_1_35' title="bbox 260 2355 2049 2406; baseline -0.004 -11"><span class='ocrx_word' id='word_1_366' title='bbox 260 2366 458 2406; x_wconf 69' lang='lat' dir='ltr'><strong>ostenderet,</strong></span> <span class='ocrx_word' id='word_1_367' title='bbox 485 2376 520 2396; x_wconf 90' lang='lat' dir='ltr'><strong>se</strong></span> <span class='ocrx_word' id='word_1_368' title='bbox 547 2370 609 2396; x_wconf 84' lang='lat' dir='ltr'><strong>tam</strong></span> <span class='ocrx_word' id='word_1_369' title='bbox 638 2375 656 2396; x_wconf 86' lang='lat' dir='ltr'><strong>a</strong></span> <span class='ocrx_word' id='word_1_370' title='bbox 683 2366 780 2405; x_wconf 83' lang='lat' dir='ltr'><strong>patris</strong></span> <span class='ocrx_word' id='word_1_371' title='bbox 809 2375 898 2404; x_wconf 85' lang='lat' dir='ltr'><strong>quam</strong></span> <span class='ocrx_word' id='word_1_372' title='bbox 924 2375 943 2395; x_wconf 88' lang='lat' dir='ltr'><strong>a</strong></span> <span class='ocrx_word' id='word_1_373' title='bbox 970 2365 1079 2394; x_wconf 90' lang='lat' dir='ltr'><strong>matris</strong></span> <span class='ocrx_word' id='word_1_374' title='bbox 1107 2367 1197 2403; x_wconf 85' lang='lat' dir='ltr'><strong>parte</strong></span> <span class='ocrx_word' id='word_1_375' title='bbox 1226 2362 1319 2391; x_wconf 89' lang='lat' dir='ltr'><strong>nobili</strong></span> <span class='ocrx_word' id='word_1_376' title='bbox 1346 2370 1464 2400; x_wconf 83' lang='lat' dir='ltr'><strong>genere</strong></span> <span class='ocrx_word' id='word_1_377' title='bbox 1492 2361 1656 2390; x_wconf 90' lang='lat' dir='ltr'><strong>oriundum</strong></span> <span class='ocrx_word' id='word_1_378' title='bbox 1685 2370 1778 2400; x_wconf 78' lang='lat' dir='ltr'><strong>esse,</strong></span> <span class='ocrx_word' id='word_1_379' title='bbox 1814 2368 1904 2399; x_wconf 91' lang='lat' dir='ltr'><strong>quum</strong></span> <span class='ocrx_word' id='word_1_380' title='bbox 1931 2357 1983 2387; x_wconf 89' lang='lat' dir='ltr'><strong>avi</strong></span> <span class='ocrx_word' id='word_1_381' title='bbox 2011 2355 2049 2387; x_wconf 80' lang='lat' dir='ltr'><strong>ad</strong></span> 
     </span>
     <span class='ocr_line' id='line_1_36' title="bbox 262 2418 2050 2468; baseline -0.004 -12"><span class='ocrx_word' id='word_1_382' title='bbox 262 2432 390 2468; x_wconf 81' lang='lat' dir='ltr'><strong>gentem</strong></span> <span class='ocrx_word' id='word_1_383' title='bbox 418 2427 568 2467; x_wconf 77' lang='lat' dir='ltr'><strong>Nomair,</strong></span> <span class='ocrx_word' id='word_1_384' title='bbox 604 2427 754 2456; x_wconf 88' lang='lat' dir='ltr'><strong>avunculi</strong></span> <span class='ocrx_word' id='word_1_385' title='bbox 788 2426 825 2456; x_wconf 83' lang='lat' dir='ltr'><strong>ad</strong></span> <span class='ocrx_word' id='word_1_386' title='bbox 854 2430 983 2467; x_wconf 88' lang='lat' dir='ltr'><strong>gentem</strong></span> <span class='ocrx_word' id='word_1_387' title='bbox 1012 2425 1102 2455; x_wconf 80' lang='lat' dir='ltr'><strong>Cilab</strong></span> <span class='ocrx_word' id='word_1_388' title='bbox 1131 2424 1258 2462; x_wconf 85' lang='lat' dir='ltr'><strong>(conf.</strong></span> <span class='ocrx_word' id='word_1_389' title='bbox 1286 2433 1317 2453; x_wconf 80' lang='lat' dir='ltr'><strong>V.</strong></span> <span class='ocrx_word' id='word_1_390' title='bbox 1349 2421 1400 2461; x_wconf 83' lang='lat'><strong>3.)</strong></span> <span class='ocrx_word' id='word_1_391' title='bbox 1429 2423 1633 2461; x_wconf 86' lang='lat' dir='ltr'><strong>pertinerent.</strong></span> <span class='ocrx_word' id='word_1_392' title='bbox 1678 2424 1750 2453; x_wconf 81' lang='lat' dir='ltr'><strong>Vox</strong></span> <span class='ocrx_word' id='word_1_393' title='bbox 1777 2418 1806 2456; x_wconf 54' lang='lat' dir='ltr'><strong>„Si</strong></span> <span class='ocrx_word' id='word_1_394' title='bbox 1833 2420 1922 2450; x_wconf 89' lang='lat' dir='ltr'><strong>metri</strong></span> <span class='ocrx_word' id='word_1_395' title='bbox 1952 2429 2050 2450; x_wconf 78' lang='lat' dir='ltr'><strong>causa</strong></span> 
     </span>
    </p>
   </div>
   <div class='ocr_carea' id='block_1_11' title="bbox 263 2489 699 2530">
    <p class='ocr_par' dir='ltr' id='par_1_12' title="bbox 263 2489 699 2530">
     <span class='ocr_line' id='line_1_37' title="bbox 263 2489 699 2530; baseline 0 -12"><span class='ocrx_word' id='word_1_396' title='bbox 263 2492 390 2530; x_wconf 78' lang='lat' dir='ltr'><strong>signum</strong></span> <span class='ocrx_word' id='word_1_397' title='bbox 417 2489 540 2519; x_wconf 77' lang='lat' dir='ltr'><strong>VVezla</strong></span> <span class='ocrx_word' id='word_1_398' title='bbox 566 2490 699 2528; x_wconf 89' lang='lat' dir='ltr'><strong>accepit.</strong></span> 
     </span>
    </p>
   </div>
   <div class='ocr_carea' id='block_1_12' title="bbox 285 2563 2051 2611">
    <p class='ocr_par' dir='ltr' id='par_1_13' title="bbox 285 2563 2051 2611">
     <span class='ocr_line' id='line_1_38' title="bbox 285 2563 2051 2611; baseline -0.005 -7"><span class='ocrx_word' id='word_1_399' title='bbox 285 2580 312 2611; x_wconf 92' lang='grc'><strong>1)</strong></span> <span class='ocrx_word' id='word_1_400' title='bbox 325 2582 452 2611; x_wconf 76' lang='lat' dir='ltr'><strong>Tempore</strong></span> <span class='ocrx_word' id='word_1_401' title='bbox 461 2579 662 2611; x_wconf 81' lang='lat' dir='ltr'><strong>Omajjadarum</strong></span> <span class='ocrx_word' id='word_1_402' title='bbox 671 2580 764 2604; x_wconf 74' lang='lat' dir='ltr'><strong>vivens</strong></span> <span class='ocrx_word' id='word_1_403' title='bbox 772 2580 862 2605; x_wconf 75' lang='lat' dir='ltr'><strong>socius</strong></span> <span class='ocrx_word' id='word_1_404' title='bbox 870 2580 949 2604; x_wconf 81' lang='lat' dir='ltr'><strong>Iasidi</strong></span> <span class='ocrx_word' id='word_1_405' title='bbox 957 2581 979 2604; x_wconf 88' lang='lat' dir='ltr'><strong>b.</strong></span> <span class='ocrx_word' id='word_1_406' title='bbox 991 2579 1162 2603; x_wconf 78' lang='lat' dir='ltr'><strong>Almohalleb</strong></span> <span class='ocrx_word' id='word_1_407' title='bbox 1171 2582 1237 2602; x_wconf 70' lang='lat' dir='ltr'><strong>erat.</strong></span> <span class='ocrx_word' id='word_1_408' title='bbox 1249 2579 1278 2602; x_wconf 86' lang='lat' dir='ltr'><strong>In</strong></span> <span class='ocrx_word' id='word_1_409' title='bbox 1288 2567 1771 2608; x_wconf 52' lang='lat' dir='ltr'><strong>codicelinriCitab-Alaghani21:31.ss</strong></span> <span class='ocrx_word' id='word_1_410' title='bbox 1779 2563 1857 2606; x_wconf 52' lang='lat' dir='ltr'><strong>wit</strong></span> <span class='ocrx_word' id='word_1_411' title='bbox 1865 2572 1994 2602; x_wconf 75' lang='lat' dir='ltr'><strong>scriptum</strong></span> <span class='ocrx_word' id='word_1_412' title='bbox 2003 2573 2051 2595; x_wconf 82' lang='lat' dir='ltr'><strong>est.</strong></span> 
     </span>
    </p>
   </div>
  </div>
 </body>
</html>
