2247 2865
1007 105 1278 137 —190—

255 212 367 237 essent
397 210 430 236 et
460 205 510 244 qui
537 210 654 244 status,
680 205 867 244 tranquillus
898 209 977 235 erat.
1028 204 1125 234 Pater
1155 215 1263 235 earum
1294 215 1327 234 re
1354 204 1461 235 audita
1486 204 1574 234 viros
1601 204 1631 233 in
1659 203 1781 234 insidiis
1808 206 1988 247 collocavit,
2007 212 2040 236 et

254 268 339 309 filiis,
376 273 411 298 ut
437 267 506 297 eius
534 272 632 306 caput
658 272 820 307 unguento
848 266 987 295 adhibito
1015 266 1160 296 lavarent
1187 272 1220 296 et
1247 266 1463 305 pediculorum
1489 275 1590 296 causa
1615 271 1908 309 perscrutarentur,
1932 270 2038 308 impe-

256 334 349 364 ravit.
379 332 416 362 Si
442 332 504 361 viri
531 331 732 369 advenirent,
750 329 886 360 crinibus
914 329 1062 368 arreptis7
1078 329 1151 358 licet
1178 337 1288 357 eorum
1315 333 1446 357 naturae
1474 338 1536 357 non
1554 328 1735 366 conveniat,
1757 338 1828 358 eum
1855 329 2041 360 retinerent.

257 397 365 436 (Loco
391 397 482 425 vocis
509 400 673 423 assu-sm
687 392 854 432 legendum
873 390 1000 420 videtur
1025 396 1199 427 &siff-Q.
1227 390 1352 420 Sensus
1369 400 1445 419 esse
1462 391 1610 421 videtur:
1638 391 1732 421 Licet
1756 392 1860 422 crines
1880 401 1942 422 non
1963 393 2041 423 satis

257 458 345 499 longi
370 458 445 495 siut,
472 462 505 487 ut
524 457 604 486 bene
631 454 725 493 arripi
752 453 886 492 possint.
939 452 987 481 De
1014 451 1144 491 Saeyus
1170 452 1343 491 adscripsit
1370 453 1513 492 wabsque
1541 458 1573 483 ut
1600 462 1671 483 eum
1698 454 1931 493 excoriaret.«)
1983 454 2039 485 Sic

257 524 370 560 captus
397 520 436 550 ab
464 520 641 550 Ohtsmano
668 518 695 546 b.
725 516 855 556 Hajjan5
885 515 923 545 ad
951 524 1045 554 quem
1073 513 1231 544 deductus
1259 518 1337 553 erat,
1365 515 1494 544 occisus
1522 520 1581 545 est.
1618 516 1698 546 Filia
1724 517 1794 547 eius
1822 522 1925 548 autem
1952 517 2041 547 hisce

256 583 406 614 versibus
433 586 561 625 mortem
589 581 689 620 patris
718 578 864 608 deflevit.

255 680 288 709 3.
311 679 426 708 lVomze
448 681 497 706 est
516 680 548 706 in
567 680 659 714 flente
683 676 769 705 Hizn
788 677 907 714 puynis
930 674 1162 703 vehementibus
1189 674 1411 714 mlsuefaclns,
1446 678 1528 704 inter
1559 680 1641 705 ciros
1670 679 1837 707 vindictum
1867 687 2033 716 quaerens,

1049 730 1225 766 intrepidus
1234 729 1249 757 .?

354 800 561 839 Interrogans
591 804 694 840 optat>
722 804 756 829 ut
782 799 853 829 talis
874 799 923 828 vir
950 799 991 828 sit
1018 803 1051 828 et
1077 797 1116 828 ad
1149 798 1319 828 vindictam
1349 800 1476 829 excitat.
1531 798 1623 830 Gens
1664 800 1859 830 Banu-Hizn
1900 799 2042 830 familiae

255 872 369 892 nomen
393 867 454 899 est,
484 861 522 891 ad
551 871 641 900 quem
670 862 796 892 occisus
824 862 1014 902 pertinebat.
1043 861 1205 891 Balidalus
1233 866 1337 890 autem
1361 861 1428 889 iure
1443 860 1566 890 talionis
1588 861 1712 891 occisus
1732 866 1860 902 erat7ut
1886 864 2041 903 nesciam,

256 935 329 954 num
358 934 473 954 versus
501 925 550 954 hic
581 924 611 953 in
638 934 709 954 eum
737 924 894 963 quadret3
918 929 991 963 post
1018 924 1169 953 Islamum
1197 923 1276 952 euim
1303 923 1419 952 caedes
1451 923 1521 952 talis
1548 923 1608 952 viri
1639 923 1830 954 vindicanda
1858 933 1918 953 non
1956 928 2041 962 erat3

257 989 334 1018 licet
363 987 488 1017 Arabes
518 988 598 1017 illius
627 987 869 1017 consuetudinis
888 997 949 1016 non
977 987 1101 1016 omniuo
1129 986 1214 1016 obliti
1241 990 1361 1014 esseut.
1405 985 1604 1024 Praepositio
1621 985 1904 1024 &quodammodo
1926 996 2043 1026 super-

256 1050 322 1080 flua
348 1055 401 1079 est
428 1053 481 1079 aut
510 1049 631 1088 ellipsis
659 1048 852 1078 admittenda
881 1049 948 1087 (De
975 1048 1065 1089 Sacy
1093 1048 1203 1080 Grani.
1233 1048 1288 1077 Ar.
1318 1048 1353 1080 Τ,
1384 1049 1420 1076 ΙΙ.
1451 1057 1479 1086 p.
1509 1044 1617 1089 491.)
1655 1048 1851 1078 Vocabulum
1879 1048 1932 1094 0⁴5
1967 1049 2044 1079 inti-

257 1120 336 1140 mam
364 1111 408 1140 rei
436 1111 706 1151 coniunctionem,
735 1115 769 1139 ut
796 1111 885 1149 quasi
915 1109 986 1139 inde
1013 1110 1187 1151 prodierit,
1216 1110 1340 1139 iudicat.
1394 1110 1468 1139 Vox
1507 1112 1584 1153 ³4⁴?
1630 1119 1694 1140 rem
1728 1110 1881 1149 ingratam
1917 1110 2043 1150 proprie

256 1172 432 1213 designans
463 1182 523 1202 usu
551 1172 678 1211 poetico
706 1172 736 1201 in
761 1172 878 1202 bellum
904 1172 1026 1202 (licitur.
1079 1173 1161 1202 IIuic
1189 1174 1261 1201 voci
1289 1172 1318 1201 in
1345 1173 1477 1202 Tebrisii
1507 1172 1619 1202 codiee
1654 1174 1734 1203 alter
1768 1173 1895 1214 legendi
1930 1174 2042 1204 modus

256 1233 343 1278 its-155
372 1244 610 1276 generosae
640 1235 877 1274 superscriptus
904 1239 959 1265 cst.
1012 1236 1047 1264 In
1074 1236 1310 1276 significatione
1329 1236 1418 1265 vocis
1438 1236 1564 1266 *M
1585 1235 1811 1266 constituenda
1830 1246 1891 1266 non
1918 1237 2042 1266 omnino

258 1297 462 1326 consentiunt
487 1302 541 1327 aut
567 1298 605 1327 ab
632 1298 745 1328 iniuria
765 1298 961 1336 derivantes,
980 1303 1015 1328 ut
1033 1298 1165 1328 multum
1189 1300 1339 1327 iniustum
1360 1297 1508 1337 designet
1521 1303 1576 1328 aut
1595 1299 1632 1328 ab
1651 1298 1886 1329 inconsiderate
1906 1299 2043 1340 agendo.

258 1362 293 1387 ut
312 1358 443 1387 multum
461 1358 591 1388 audacis
619 1359 882 1399 significationem
910 1360 1037 1390 habeat.
1090 1360 1180 1389 Haec
1206 1359 1280 1388 mihi
1308 1361 1454 1399 primaria
1482 1360 1676 1400 significatio
1703 1360 1841 1402 videtur,
1858 1371 1938 1400 quae
1953 1362 2044 1392 alteri

259 1421 413 1460 originem
440 1420 573 1450 dederit.
605 1422 795 1452 Huiusmodi
815 1432 914 1452 voces
943 1433 984 1452 ex
1003 1422 1141 1461 repetita
1167 1420 1283 1460 radice,
1301 1421 1373 1451 dum
1388 1422 1597 1461 contrahitur,
1621 1427 1709 1452 ortae
1723 1423 1787 1452 vim
1797 1423 2044 1464 significationis

258 1486 385 1512 auctam
411 1491 539 1521 semper
566 1483 693 1514 liabent.
746 1486 822 1515 Tam
849 1485 950 1515 forma
978 1485 1068 1514 vocis
1095 1481 1198 1525 arabi-'27
1226 1493 1318 1523 quam
1346 1484 1478 1522 pluralis
1507 1485 1600 1514 vocis
1627 1482 1701 1529 0553
1728 1486 1831 1515 virum
1859 1485 1943 1515 illurn
1964 1495 2044 1515 con-

258 1545 460 1575 suetudinem
488 1545 649 1575 vindictae
674 1546 831 1586 petendae
859 1547 987 1587 habere,
1015 1546 1188 1587 significat.

259 1643 293 1671 4.
318 1642 363 1672 Εἰ
382 1643 537 1679 Djubrum
557 1652 615 1679 pro
638 1645 703 1671 νίν-ο
725 1644 854 1673 occidat.
881 1645 936 1681 qui
952 1645 981 1672 ei
995 1643 1137 1681 aequalis
1153 1651 1213 1671 non
1233 1646 1319 1671 erat:
1341 1644 1398 1671 sed
1411 1646 1598 1680 sanquinem
1614 1646 1695 1672 inter
1719 1654 1754 1672 se
1776 1653 1839 1672 mm
1861 1646 2042 1673 metiuntur.

361 1712 527 1750 {explicata
553 1721 634 1742 voce
663 1713 721 1753 ⁵⁸2?
763 1722 908 1750 causam,
937 1722 990 1742 eur
1017 1712 1201 1751 particulam
1228 1714 1266 1743 Q
1291 1712 1432 1742 futurum
1458 1713 1637 1742 Nasbatum
1665 1717 1829 1754 sequatur,
1854 1713 1999 1743 scholion
2014 1714 2044 1743 in

259 1783 297 1803 eo
325 1774 458 1814 invenit,
487 1774 570 1814 quod
599 1784 671 1804 cum
698 1775 910 1805 antecedente
938 1779 1047 1814 optato
1076 1774 1201 1811 (conf.
1229 1775 1278 1804 De
1305 1774 1396 1814 Sacy
1422 1774 1481 1805 Gr.
1510 1776 1567 1804 Ar.
1581 1775 1618 1804 T.
1645 1775 1683 1804 11.
1711 1784 1740 1813 p.
1757 1775 1833 1813 26.)
1862 1775 2045 1813 cohaereat,

260 1841 293 1866 ut
320 1837 357 1881 Ol
387 1837 599 1876 supplendum
628 1838 681 1868 sit.
721 1839 821 1878 Djabr
848 1844 954 1868 antem
983 1840 1054 1868 eius
1083 1847 1194 1866 nomen
1223 1842 1286 1877 est,
1314 1837 1364 1875 qui
1392 1837 1527 1866 alterum
1554 1836 1724 1866 occiderat.
1764 1837 1824 1866 Hic
1850 1837 1911 1868 etsi
1939 1838 2044 1867 occiso

260 1898 416 1939 dignitate
443 1909 501 1939 par
528 1909 588 1929 uon
616 1905 696 1939 erat,
725 1900 777 1930 lex
802 1900 965 1930 Islanutica
993 1901 1103 1940 plures
1131 1909 1187 1940 pro
1214 1910 1275 1930 uno
1303 1899 1404 1929 occidi
1429 1899 1542 1929 vetuit.
1594 1899 1734 1928 'salionis
1763 1909 1832 1929 mos
1860 1909 1932 1929 cum
1958 1901 2045 1930 Ara-

262 1962 334 1990 bum
360 1962 520 2002 cogitandi
548 1965 670 1992 ratione
696 1963 898 2001 moribusque
925 1968 989 1992 tam
1024 1964 1131 1993 intime
1167 1964 1354 1993 coniunctus
1394 1967 1480 1999 erat⁷
1517 1967 1552 1991 ut
1579 1961 1823 1991 Mohammedes
1860 1962 1932 2002 lege
1973 1972 2045 1993 eum

262 2022 374 2052 tollere
400 2033 460 2053 non
487 2030 618 2063 posset3
646 2025 717 2065 sed,
734 2035 773 2054 ne
800 2025 912 2055 modus
939 2025 1161 2066 excederetur,
1179 2026 1244 2066 legi
1259 2025 1430 2055 vindictam
1458 2025 1607 2064 subiecit,
1633 2029 1696 2054 tum
1724 2034 1764 2053 ne
1790 2025 1860 2063 quis
1889 2034 1943 2063 pro
1958 2025 2043 2055 licito

263 2085 433 2127 occideret,
461 2097 562 2126 neque
588 2097 644 2127 pro
672 2097 733 2118 uno
761 2088 916 2129 dignitate
944 2088 1095 2128 pollente,
1122 2087 1153 2117 id
1179 2087 1262 2126 quod
1292 2093 1366 2117 ante
1392 2088 1496 2117 Islami
1524 2091 1651 2125 tempus
1673 2087 1741 2116 fieri
1769 2087 1907 2127 solebat,
1935 2086 2043 2126 plnres

263 2147 496 2187 occiderentur,
540 2149 712 2179 interdixit.
766 2150 806 2179 Et
845 2149 978 2179 Kamusi
1004 2156 1115 2180 auctor
1142 2156 1174 2180 et
1201 2151 1396 2190 Djeuharius
1424 2151 1596 2189 postremis
1626 2158 1742 2179 versus
1769 2149 1877 2179 verbis
1913 2157 2042 2179 sensum

262 2217 338 2238 esse
365 2208 521 2247 dixerunt,
549 2211 668 2240 nonnisi
697 2221 766 2241 eum
794 2212 905 2248 solum,
934 2211 962 2241 iu
992 2221 1083 2250 quem
1112 2212 1185 2241 talio
1213 2212 1315 2251 cadat,
1345 2211 1548 2242 occidendum
1577 2221 1658 2242 esse.

1117 2307 1220 2340 121.v

324 2369 463 2403 Dixit
485 2369 686 2412 qumana
709 2370 867 2412 gentis
888 2371 1120 2415 Fakalis9
1144 2380 1272 2413 quae
1295 2372 1359 2404 acl
1382 2373 1575 2412 gentem
1600 2372 1734 2405 ⁴isael
1756 2369 1981 2413 pertinet,

361 2441 455 2480 Sunt,
483 2443 534 2482 qui
560 2442 740 2472 Morrahum
768 2443 796 2471 b.
825 2442 939 2472 Ahdda
965 2443 1173 2472 Fakahsitam
1199 2452 1348 2472 versuum
1375 2449 1539 2474 auctorem
1570 2444 1686 2474 dicant.

265 2512 291 2540 l.
321 2512 393 2541 Vidi
410 2514 572 2550 patrueles
594 2524 676 2542 mens
699 2523 777 2548 esse,
803 2517 858 2552 qui
878 2523 926 2542 me
945 2514 1126 2542 desererent
1146 2518 1179 2543 e‘n
1200 2518 1347 2552 temporis
1371 2517 1649 2551 vicissitudinibus,
1669 2524 1765 2553 quum
1785 2515 1950 2542 instarent,

361 2569 407 2600 Se
433 2579 451 2600 a
477 2571 544 2600 suis
573 2580 633 2610 ope
660 2570 847 2601 destitutum
874 2570 1024 2610 queritur.
1078 2571 1152 2600 Iloc
1180 2571 1211 2600 in
1237 2581 1336 2602 versu
1370 2582 1436 2602 vox
1479 2571 1539 2612 ὦ),
1574 2574 1624 2602 cui
1657 2571 1762 2610 plures
1790 2569 2040 2612 significationes
