2247 2865
993 75 1267 105 —288—

1074 170 1203 205 cxl.

763 235 904 270 Dixit
926 235 1128 278 quddam
1152 236 1312 278 gentis
1334 237 1487 272 Ahbs.

333 307 425 338 Ahbs
462 313 496 339 et
529 309 639 339 Harits
673 307 757 339 filius
786 308 889 339 Cahbi
918 308 947 341 b.
973 308 1128 338 Dhabbah
1165 308 1282 339 fratres
1308 310 1400 340 Lami
1437 313 1538 339 erant.
1592 308 1685 340 Gens
1712 309 1805 340 Ahbs
1831 310 1874 341 ad
1898 316 2027 352 gentem

233 370 313 400 Kais
341 370 457 400 Aihlan
475 371 623 411 pertinet.
651 371 778 401 Nomen
804 382 888 412 w:
914 381 934 401 a
958 371 1060 401 verbo
1088 383 1171 412 ωε
1198 371 1395 405 derivarunt.
1429 371 1505 402 Vox
1531 383 1613 413 ωας-α
1639 381 1767 414 quoque
1793 382 1909 403 nomen
1935 373 2027 414 plan·

233 437 299 467 tae,
328 432 553 463 Abu÷Hatimo
581 433 787 473 grammatico
812 432 968 472 eiusdem,
996 442 1077 472 quae
1103 434 1195 463 aliter
1222 429 1337 471 &law
1363 433 1555 475 appellatur,
1581 439 1644 465 est.

235 534 295 571 (p.
321 511 448 572 162.)
493 531 520 559 1.
544 528 703 558 Misereor
730 529 766 558 ob
793 531 1027 567 cognationem,
1058 539 1153 567 quam
1173 531 1384 568 propinquam
1405 540 1476 559 esse
1496 531 1603 565 video,
1635 533 1761 563 Haritsi
1780 533 1808 562 b.
1831 532 1935 573 Gallo,
1966 542 2030 562 mm

963 584 1092 621 Djarmi
1111 587 1141 612 e!
1164 584 1287 613 Ras²b22

332 658 532 696 Propensum
559 664 651 686 suum
678 656 817 684 animum
845 663 923 695 erga
948 658 1080 694 gentem
1107 653 1216 684 Han-its
1243 654 1272 684 b.
1301 654 1392 684 Cahb
1418 655 1457 685 ob
1484 656 1706 697 cognationem
1732 657 1943 698 propinquam
1971 657 2029 687 de-

234 721 353 751 scribit.
395 719 487 750 Gens
515 717 684 751 Harits-b.
712 717 804 748 Cahb
830 718 912 747 inter
937 717 1155 747 Jemanenses
1191 716 1301 747 sedem
1329 716 1489 759 habebat3
1527 717 1587 748 sed
1614 718 1654 749 ad
1680 724 1811 760 gentem
1837 721 1936 750 Nisar
1964 720 2029 749 ori-

233 781 307 823 gine
340 781 544 821 pertinebat3
573 778 647 810 dum
675 779 812 810 familiae
840 780 952 820 Djarm
978 783 1010 810 et
1037 779 1138 810 Rasib
1166 782 1278 821 orgine
1304 790 1373 811 cum
1400 785 1501 822 gente
1528 780 1686 812 Kodhaah
1713 783 1903 814 coniunctae
1928 787 2030 824 erant,

234 853 317 884 quae
333 853 409 883 pars
424 843 665 872 Jemanensium
680 847 760 873 erat.
788 843 942 872 Litteram
961 845 1010 882 ὼ,
1025 845 1088 874 etsi
1101 853 1168 873 vox
1183 839 1282 889 Gabi>
1295 844 1471 874 vocativus
1490 853 1552 873 non
1568 848 1632 884 est,
1662 848 1759 882 poeta
1785 842 1913 873 abiecit.
1947 843 2029 874 Rem

234 905 359 935 nonnisi
389 904 418 933 in
444 904 535 943 poesi
563 903 681 934 licitam
709 913 786 933 esse
814 904 1009 934 contendunt
1037 904 1167 942 (Gram.
1197 905 1254 938 Ar.
1281 906 1371 936 'r.11.
1399 917 1430 947 p.
1457 907 1504 938 92
1532 911 1565 939 et
1591 904 1702 950 501.).
1738 908 1788 938 De
1817 911 1916 949 gente
1930 906 2030 938 Rasib

233 967 396 997 conferas:
441 967 648 997 Monumenta
674 967 841 1006 antiquiss.
871 967 982 997 histor.
1010 967 1150 998 Arabum
1176 977 1206 1007 p.
1238 967 1318 999 139.

233 1066 267 1094 2.
289 1065 336 1094 Et
358 1065 441 1103 quod
458 1064 555 1101 pedes
577 1067 704 1092 nostros
726 1066 759 1092 in
781 1074 889 1093 eorum
911 1065 1007 1093 solezs
1028 1065 1169 1094 videmus
1192 1068 1224 1094 et
1243 1074 1339 1094 nasos
1361 1069 1487 1094 nostros
1508 1067 1592 1095 inter
1612 1066 1740 1095 barbam
1760 1067 2000 1106 supercilioque.

331 1134 430 1163 Istam
458 1137 664 1163 memoratam
692 1134 915 1171 cognationem
943 1134 1085 1173 corporis
1110 1134 1314 1164 similitudine
1347 1134 1439 1174 quasi
1473 1135 1587 1174 probat
1620 1135 1752 1176 dicens,
1787 1145 1897 1166 eorum
1930 1136 2028 1176 pedes

231 1197 374 1236 ipsorum
402 1195 536 1234 pedibus
563 1196 779 1236 magnitudine
812 1200 846 1225 et
876 1205 986 1226 eorum
1011 1202 1111 1226 nasos
1138 1197 1281 1236 ipsorum
1307 1196 1410 1226 forma
1437 1201 1470 1226 et
1497 1196 1566 1226 loco
1593 1197 1711 1227 similes
1738 1207 1825 1228 esse.
1877 1199 1944 1230 Ista
1969 1209 2030 1229 au-

232 1264 296 1289 tem
323 1258 492 1288 similitudo
520 1261 605 1288 tanta
633 1262 705 1297 est,
740 1263 775 1288 ut
801 1267 864 1288 non
892 1264 987 1298 poeta
1013 1258 1124 1297 solus3
1152 1258 1211 1288 sed
1239 1262 1308 1288 tota
1334 1268 1416 1299 gens
1445 1258 1543 1297 (dixit
1570 1259 1674 1289 enim:
1699 1260 1896 1291 videmus
1923 1263 2030 1303 nos),

232 1331 301 1351 eam
332 1329 536 1361 cognoscens
553 1324 656 1360 putet,
684 1329 763 1349 suos
792 1320 892 1360 pedes
920 1323 950 1350 in
978 1321 1103 1351 illorum
1132 1321 1232 1351 soleis
1259 1330 1336 1351 esse
1363 1326 1397 1352 et
1423 1331 1501 1352 suos
1529 1331 1627 1352 nasos
1654 1323 1685 1352 in
1711 1323 1835 1353 illorum
1862 1325 2030 1364 capitibus.

232 1382 405 1412 Dicendum
434 1387 540 1412 autem
569 1386 684 1420 poetae
712 1387 795 1412 erat:
823 1382 996 1427 ffb>9
1024 1373 1132 1429 (θ’-ὲ,
1169 1382 1435 1422 quemadmodum
1461 1380 1559 1427 1⁶4⁵&
1587 1383 1730 1424 dixerat3
1764 1384 1834 1424 sed,
1860 1387 2028 1426 quominus

232 1446 374 1486 faceret,
413 1445 684 1475 liomoiotoleuton
721 1450 753 1475 et
779 1455 898 1475 versus
933 1447 1013 1476 ratio
1042 1445 1286 1486 impediverunt.
1339 1445 1529 1476 Exteriores
1564 1448 1717 1487 quasdam
1744 1449 1885 1488 corporis
1909 1456 2030 1489 partes,

231 1509 262 1536 in
293 1507 407 1547 quibus
434 1506 606 1537 similitudo
634 1507 736 1537 oculis
763 1508 893 1547 saepius
921 1513 1067 1548 apparet,
1095 1509 1280 1539 nominavit.
1333 1509 1383 1539 De
1409 1510 1540 1550 Sacyus
1573 1511 1683 1542 maluit
1710 1515 1873 1550 flod-..e
1906 1510 2028 1558 050⁸>

232 1569 343 1610 legere
378 1577 434 1607 pro
463 1568 620 1606 „sold-2
652 1565 777 1613 050⁸>
812 1569 842 1598 in
878 1569 990 1599 scholii
1022 1570 1105 1601 linea
1137 1570 1243 1601 tertia.
1295 1571 1384 1602 Idem
1419 1571 1591 1612 adscripsit
1618 1573 1819 1604 Alharitsum
1846 1575 1877 1606 b.
1905 1576 2030 1606 Ahmru

233 1633 261 1661 b.
293 1631 384 1662 Cahb
419 1631 459 1661 ad
494 1635 642 1671 posteros
667 1632 777 1662 Nesar
804 1632 987 1671 pertinere,
1025 1642 1119 1672 quum
1147 1642 1165 1662 e
1192 1633 1334 1672 posteris
1362 1634 1484 1664 Tarnim
1524 1634 1580 1665 filii
1608 1636 1709 1677 Morr,
1746 1636 1802 1667 filii
1843 1637 2029 1668 'l'liabichah

234 1695 275 1724 sit
302 1695 464 1733 (Monum.
490 1694 586 1733 antiq.
614 1693 689 1724 hist.
717 1695 816 1724 Arab.
844 1705 875 1735 p.
891 1696 979 1735 96.).
1019 1697 1197 1727 Tebrisium
1227 1697 1334 1727 dicere
1360 1697 1525 1727 Haritsum
1553 1698 1703 1729 habuisse
1733 1705 1855 1738 patrem
1871 1700 2033 1740 Cahbum,

232 1756 330 1787 filium
354 1756 520 1786 Dhabhahi
541 1756 647 1786 conf.
677 1757 903 1788 Ebu-Kotaib
934 1759 982 1797 (p.
1011 1759 1068 1788 89.
1097 1759 1157 1797 ib.)
1187 1764 1215 1788 et
1248 1759 1326 1788 inter
1357 1764 1506 1797 posteros
1528 1760 1694 1791 Dhabbahi
1715 1761 1856 1792 Cahbum
1873 1763 2028 1802 quendam

232 1821 391 1851 nominari.
453 1819 660 1859 Djeuharium
704 1821 830 1861 dicere,
870 1825 1017 1860 posteros
1054 1822 1184 1852 Haretsi
1225 1822 1253 1850 b.
1291 1821 1382 1851 Cahb
1419 1822 1489 1852 illos
1531 1832 1631 1860 esse,
1671 1824 1725 1864 qui
1765 1825 1867 1866 vulgo
1911 1824 2029 1870 0³:⁵⁸²?

232 1883 441 1922 appellentur.

233 1981 263 2010 3.
289 1982 334 2010 Et
351 1982 484 2009 indolem
510 1984 652 2010 nostram
680 1985 744 2010 tam
775 1984 808 2010 in
831 1983 934 2010 dando
959 1992 1052 2020 quom
1075 1984 1107 2010 in
1132 1983 1309 2010 recusando
1333 1979 1354 2020 s
1355 1992 1424 2011 esse
1446 1983 1579 2011 indolem
1603 1981 1741 2024 eormn).
1773 1984 2034 2024 Quotiescunque

785 2045 978 2069 recusamus,
1004 2035 1119 2072 liqanli
1140 2035 1190 2063 lac
1213 2044 1276 2064 non
1299 2038 1476 2065 emitlimus.

333 2103 404 2132 Hoc
431 2104 461 2132 in
489 2113 587 2133 versu
617 2104 710 2133 animi
739 2104 897 2134 indolibus
923 2105 1013 2143 ipsos
1039 2104 1110 2133 illos
1137 2104 1258 2134 similes
1286 2114 1362 2134 esse
1390 2105 1474 2136 dicit.
1515 2106 1634 2136 Verbis
1661 2110 1767 2138 autem
1794 2104 1882 2148 Uati,
1911 2105 2028 2137 uzant

233 2175 293 2194 non
320 2165 418 2204 ipsam
446 2166 667 2196 liberalitatem
695 2172 727 2196 et
755 2167 923 2196 avaritiam
957 2166 1133 2208 significari
1166 2173 1263 2208 puto,
1296 2168 1355 2197 sed
1391 2168 1516 2198 modum
1550 2168 1643 2198 dandi
1670 2174 1703 2199 et
1731 2170 1919 2212 recusandi;
1958 2163 2028 2201 narn

231 2237 361 2258 causam
390 2237 450 2257 non
478 2228 587 2270 video,
615 2239 672 2258 cur
699 2230 866 2267 avaritiae,
897 2230 1014 2269 quippe
1042 2240 1125 2270 quae
1153 2231 1229 2260 nulli
1257 2241 1317 2261 non
1345 2233 1573 2271 vituperationi
1601 2233 1658 2273 sit,
1684 2235 1875 2265 mentionem
1904 2234 2025 2264 fecerit.

233 2291 310 2320 'I'um
338 2300 462 2329 quoque
489 2292 701 2321 constantiam
730 2293 760 2321 in
788 2293 880 2322 dictis
908 2297 941 2322 et
967 2292 1088 2322 firmum
1118 2293 1253 2323 animum
1272 2315 1279 2329 ,
1310 2298 1342 2323 ut
1369 2294 1401 2322 vi
1428 2298 1540 2324 contra
1565 2296 1765 2326 voluntatem
1792 2296 1831 2326 ad
1857 2305 1924 2326 rem
1950 2305 2026 2335 per-

233 2352 391 2393 agendam
419 2352 502 2393 adigi
531 2362 592 2382 non
626 2357 778 2394 possent,
814 2354 1087 2384 commemoravit.
1139 2354 1273 2385 Poetam
1300 2361 1405 2385 autem
1432 2357 1622 2387 sententiam
1649 2367 1739 2388 suam
1764 2368 1827 2388 non
1853 2359 1938 2388 clare
1965 2368 2027 2388 ex-

234 2415 412 2453 pressisse,
453 2424 545 2444 nemo
581 2425 643 2444 non
677 2415 786 2456 videt,
822 2424 893 2444 nam
920 2415 950 2445 ei
977 2414 1142 2445 dicendum
1168 2421 1253 2446 erat:
1290 2413 1372 2455 sisti,
1402 2414 1514 2446 suna-:55
1541 2415 1568 2456 3
1595 2416 1748 2459 „publ
1777 2416 1931 2460 &21:553
1967 2420 2032 2450 sed*

233 2485 270 2504 eo
309 2475 468 2514 confisus,
505 2476 588 2515 quod
621 2477 793 2506 verborum
831 2486 950 2507 sensus
987 2487 1029 2507 ex
1061 2487 1162 2507 versu
1198 2479 1302 2517 priore
1345 2489 1414 2510 cum
1457 2480 1516 2509 hoe
1554 2481 1722 2510 coniuncto
1758 2487 2020 2522 cognosceretur,

232 2538 455 2576 praecedentia
494 2539 592 2567 verba
628 2539 777 2579 ambigua
814 2538 933 2576 fuisse,
973 2539 1087 2569 oblitus
1116 2550 1191 2568 esse
1230 2541 1365 2570 videtur.
1422 2542 1511 2579 Quae
1538 2548 1642 2572 autem
1675 2543 1869 2573 scholiastes
1903 2544 2021 2576 verba:
