2247 2865
1068 126 1112 149 xn

203 227 264 258 que
285 214 378 254 modi,
402 222 493 253 quem
516 213 673 252 proprium
697 210 754 240 sibi
778 202 938 239 habuerint
960 214 992 238 et
1014 208 1147 248 denique
1169 207 1280 238 litteris
1304 212 1357 236 aut
1379 206 1497 235 artibus
1520 205 1604 235 haud
1627 206 1743 235 exculti
1769 207 1859 236 animi
1881 210 1984 236 status

203 272 322 302 ratione
344 270 449 300 habita
471 267 616 298 iudicium
641 267 704 296 fiat.
749 265 848 294 Hisce
860 263 953 293 rebus
967 262 1132 303 diligenter
1156 260 1331 300 perpensis,
1353 265 1479 299 gentem
1503 261 1534 289 in
1555 260 1642 298 poesi
1655 269 1770 299 magna
1791 267 1984 298 praestasse,

203 336 294 356 nemo
316 324 451 364 negabit.
501 322 591 360 Quae
613 321 702 350 hisce
726 318 818 348 dictis
841 316 962 354 adiicio,
985 325 1024 345 ea
1045 324 1233 355 quamquam
1263 323 1364 353 neque
1387 315 1466 342 viris
1495 313 1595 343 doctis
1617 322 1747 352 prorsus
1778 321 1863 342 nova
1886 322 1988 353 neque

203 379 344 410 omnibus
366 376 503 407 numeris
525 374 670 406 absoluta
690 377 774 407 sunt,
799 377 901 400 tamen
926 368 1087 398 namasae
1110 370 1250 397 carmina
1272 368 1388 407 legenti
1412 367 1538 397 utilitati
1560 368 1664 397 futura
1686 376 1759 396 esse
1782 365 1916 396 confido.

283 432 396 465 Poesis
419 430 567 467 Arabica,
591 437 670 467 quae
695 435 734 455 ex
756 425 860 454 animo
883 423 987 462 gentis
1010 421 1173 461 prodierit,
1196 431 1267 452 cum
1282 422 1374 452 animi
1399 426 1508 451 natura
1524 422 1630 452 intime
1654 422 1822 451 coniuncta
1844 426 1878 450 ut
1901 420 1989 450 fruc-

205 490 256 516 tus
277 485 417 514 arborem
441 484 487 512 sic
509 482 613 522 gentis
638 484 780 509 naturam
803 477 931 516 referat,
954 485 1091 506 necesse
1115 481 1173 506 est.
1220 476 1343 506 Arabes
1366 480 1497 506 naturae
1525 476 1675 506 instinctu
1705 475 1842 516 quodam
1866 475 1991 514 impulsi

205 550 299 581 quum
320 541 352 569 in
382 547 525 569 sermone
554 534 676 573 vulgari
706 541 824 562 versus
854 540 952 570 saepe
979 530 1131 570 dicerent,
1162 531 1269 570 poesis
1297 530 1326 559 in
1350 539 1481 573 moremN
1499 530 1596 565 venit,
1632 535 1674 569 ut,
1702 530 1750 560 cui
1774 529 1866 559 animi
1898 529 1992 559 dotes

204 599 316 627 natura
338 593 420 624 haud
444 592 647 629 denegasset,
671 587 711 618 ad
734 586 845 616 altiora
867 584 1014 620 tendens,
1043 586 1158 624 quippe
1187 593 1270 623 quae
1292 585 1321 614 in
1344 584 1491 614 honorem
1522 584 1694 614 adduceret
1718 588 1751 614 et
1772 583 1991 614 auctoritatem

205 653 350 690 augeret,
374 646 483 687 poesin
506 654 577 674 cum
599 642 704 672 studio
727 642 855 671 coleret.
901 639 1042 668 Arabum
1065 642 1209 667 veterum
1232 639 1340 676 poesis
1364 648 1404 667 ex
1419 639 1512 668 animi
1534 643 1644 667 natura
1668 637 1827 676 prodiens,
1848 641 1916 666 arte
1928 645 1992 666 non

206 703 355 744 producta
383 701 465 730 omni
488 704 556 729 arte
585 698 728 733 carebat,
760 695 790 726 id
814 694 896 734 quod
926 699 991 724 tum
1013 695 1044 723 in
1074 696 1262 733 argumento
1293 691 1501 731 disponendo,
1533 697 1599 721 tum
1622 692 1651 720 in
1680 691 1774 720 rebus
1795 689 1993 730 explicandis

206 757 347 795 cernitur,
361 756 390 785 in
406 754 516 794 quibus
538 753 578 782 nil
600 751 788 792 quaesitum,
806 751 848 779 nil
869 749 1074 779 artificiosum
1097 745 1285 776 invenimus.
1317 744 1472 774 Carminis
1494 745 1614 774 initium
1638 746 1772 783 simplex
1793 748 1826 773 et.
1842 751 1909 773 arte
1931 742 1992 772 de-

207 812 347 840 stitutum
373 817 445 838 esse
468 807 557 837 solet.
602 805 759 835 Carminis
782 804 901 833 initium
926 803 1047 833 faciens
1071 808 1167 840 poeta
1187 801 1265 831 duos
1289 810 1387 840 saepe
1411 802 1531 830 amicos
1555 801 1738 839 alloquitur,
1764 805 1795 829 ut
1814 800 1913 829 verba
1935 808 1994 828 sua

208 863 366 904 perferant
388 871 415 900 p.
443 860 509 889 121.
532 869 563 888 v.
586 859 614 887 5.
641 857 708 887 129.
734 857 785 886 inf.
811 857 877 886 181.
902 865 932 884 v.
959 858 995 894 1.,
1031 859 1086 884 ant
1117 854 1283 884 certiorem
1316 856 1392 884 facit
1422 855 1601 885 audientem
1637 854 1676 883 de
1709 855 1814 895 modo,
1843 865 1905 895 quo
1937 855 1994 892 rei,

209 927 300 957 quam
324 916 461 946 carmine
483 917 672 943 tractaturus
696 916 755 947 est,
781 912 922 939 notitiam
946 911 1107 948 acceperit
1130 920 1157 948 p.
1186 911 1250 939 199.
1275 920 1307 940 V.
1330 910 1358 939 ⁶2.
1381 911 1451 940 641.
1477 920 1508 940 v.
1531 910 1559 941 4.
1583 915 1638 940 aut
1660 914 1784 939 amatae
1800 909 1852 939 vel
1871 909 1994 938 amicae

210 971 395 1001 mentionem
419 969 539 998 faciens
561 977 589 1006 p.
613 966 660 996 45.
685 974 715 995 v.
743 965 767 996 1.
793 976 821 1004 p.
842 965 890 994 57.
915 974 945 992 v.
970 965 1007 1001 5,
1039 973 1066 1002 p.
1092 964 1140 994 ⁷2.
1165 974 1194 992 v.
1219 965 1246 994 2.
1281 970 1340 994 etc.
1375 969 1428 994 aut
1454 965 1563 994 verbis
1591 963 1792 1003 generalibus
1823 963 1863 992 ad
1895 971 1994 1001 argu-

209 1030 346 1056 mentum
369 1024 509 1064 speciale
532 1022 711 1052 audientem
736 1020 818 1049 ducit
844 1029 870 1058 p.
896 1018 940 1047 12.
957 1017 1006 1047 33.
1035 1027 1063 1046 v.
1091 1018 1115 1046 l.
1139 1023 1192 1046 aut
1217 1019 1323 1047 statim
1347 1018 1386 1048 ad
1411 1028 1475 1048 rem
1500 1019 1587 1048 venit
1616 1028 1647 1057 p.
1673 1018 1717 1047 19.
1748 1019 1782 1047 ln
1805 1017 1994 1046 carminibus

212 1081 381 1117 veteribus,
406 1079 519 1118 quibus
542 1077 710 1106 maximam
735 1081 855 1113 partem
882 1082 932 1102 res
958 1076 1086 1112 gestae,
1111 1071 1307 1102 conditiones
1331 1073 1489 1102 hominum
1514 1082 1683 1112 rerumque
1706 1076 1895 1113 argumento
1917 1071 1993 1106 sint,

210 1145 261 1166 res
286 1144 366 1174 quae
390 1132 624 1168 deseribuntur,
646 1129 728 1159 band
753 1130 915 1165 inventae5
940 1127 997 1156 sed
1020 1132 1135 1166 gestae
1159 1134 1243 1158 sunt.
1281 1129 1534 1168 Descriptiones,
1557 1130 1589 1158 in
1614 1128 1726 1167 quibus
1748 1133 1895 1166 tanquam
1917 1125 1994 1155 fun-

211 1190 357 1220 damento
380 1188 488 1226 poesis
510 1186 689 1216 aedilicium
715 1188 911 1213 exstructum
936 1189 1000 1222 est,
1026 1184 1193 1213 maximam
1218 1189 1338 1223 partem
1362 1183 1456 1213 fictae
1478 1192 1540 1213 non
1565 1188 1640 1212 sunt
1662 1187 1716 1212 aut
1738 1182 1886 1218 artificio,
1910 1182 1993 1221 quod

211 1250 273 1273 tum
294 1243 323 1272 in
346 1241 452 1271 ordine
472 1239 676 1280 disponendo,
690 1245 755 1268 tum
778 1238 808 1266 in
831 1238 1021 1267 ornamentis
1045 1238 1199 1267 sermonis
1222 1239 1369 1277 cernitur,
1394 1237 1547 1267 excultae.
1572 1236 1670 1266 Poeta
1693 1245 1744 1266 res
1763 1241 1818 1266 aut
1836 1235 1993 1265 conditio-

210 1308 280 1328 nem
304 1297 516 1335 descripturus
540 1294 641 1330 modo,
675 1304 734 1334 quo
758 1295 787 1323 in
812 1295 918 1324 oeulos
943 1295 1002 1333 ipsi
1033 1297 1196 1324 incurrunt
1218 1298 1274 1323 aut
1294 1294 1325 1322 in
1347 1299 1482 1322 mentem
1506 1291 1646 1329 veniunt,
1677 1299 1822 1319 sermone
1843 1289 1993 1329 producit.

210 1351 288 1389 Res,
313 1360 392 1390 quae
415 1350 443 1378 in
466 1347 663 1378 describendi
688 1349 838 1377 rationem
862 1347 992 1386 cadunt,
1015 1349 1143 1378 notitiae
1166 1348 1358 1386 finesquam
1382 1350 1486 1385 poeta,
1496 1345 1568 1374 sive
1594 1348 1773 1382 campester
1795 1344 1865 1372 sive
1889 1343 1992 1382 oppidi

209 1405 309 1435 incola
328 1405 379 1444 sit,
404 1403 560 1434 oculorum
585 1402 693 1431 intuitu
718 1406 912 1431 consecutus
935 1407 996 1440 est,
1019 1411 1080 1431 uon
1099 1400 1384 1441 transgrediuntur.
1427 1399 1495 1428 Res
1519 1402 1625 1427 autem
1650 1397 1830 1436 descriptae
1852 1402 1994 1432 naturae,

210 1459 394 1498 plantarum,
419 1457 601 1494 bestiarum,
625 1465 718 1494 quum
740 1464 909 1494 paucarum
937 1460 1055 1484 tantum
1079 1465 1182 1484 rerum
1214 1455 1318 1484 Arabs
1344 1454 1484 1483 notitiam
1511 1453 1643 1485 habeat,
1675 1460 1778 1490 neque
1806 1459 1996 1479 numerosae

211 1522 312 1552 neque
336 1513 459 1551 longius
483 1511 702 1549 petitaesunt.
748 1509 810 1537 Pro
832 1511 994 1547 regionum
1009 1510 1210 1549 diversitate,
1235 1519 1314 1549 quas
1337 1514 1451 1548 poetae
1474 1508 1588 1548 singuli
1612 1507 1801 1542 incolebant,
1826 1505 1996 1544 descripti-

212 1576 303 1596 onum
327 1571 435 1596 natura
452 1565 578 1595 diversa
602 1569 659 1593 est.
706 1564 767 1600 Qui
785 1565 814 1592 in
828 1563 956 1593 dissitas
973 1564 1122 1602 regiones
1146 1566 1203 1594 iter
1221 1565 1363 1593 fecerant
1385 1567 1439 1592 aut
1461 1562 1491 1591 in
1509 1560 1631 1600 oppidis
1655 1564 1684 1590 et
1709 1561 1736 1589 in
1753 1560 1902 1599 principis
1925 1559 1997 1588 aula

212 1621 306 1650 vitam
331 1620 495 1660 degerant,
519 1628 625 1648 eorum
655 1618 884 1657 descriptiones
908 1623 970 1647 tum
995 1620 1102 1658 plures
1126 1623 1190 1648 tum
1215 1619 1308 1648 luxus
1334 1615 1572 1656 splendorisque
1595 1623 1645 1644 res
1668 1618 1862 1653 spectantes,
1887 1613 1996 1652 quales

212 1675 291 1713 apud
314 1674 430 1704 divites
454 1675 672 1713 principesque
695 1674 900 1712 reperiuntur,
925 1673 1090 1713 adtingere
1113 1674 1222 1703 mirum
1247 1683 1306 1701 non
1325 1676 1383 1701 est.
1429 1670 1492 1708 Qui
1516 1679 1617 1708 neque
1640 1678 1726 1697 mare
1750 1677 1850 1707 neque
1873 1671 1996 1696 montes

213 1729 312 1758 oculis
334 1729 413 1758 vidit
434 1733 541 1768 poeta,
566 1738 636 1757 eum
662 1729 749 1757 hisce
768 1729 860 1757 rebus
876 1727 1092 1758 describendis
1115 1737 1242 1767 operam
1267 1726 1410 1755 daturum
1435 1733 1523 1762 esse,
1550 1724 1604 1753 vix
1627 1723 1774 1753 credibile
1797 1728 1852 1752 est.
1878 1723 1998 1752 Poetae

213 1783 316 1824 gentis
329 1784 406 1812 Thai
421 1793 512 1822 quum
528 1787 703 1811 montanam
719 1785 881 1822 reg-ionem
899 1782 1083 1821 incolerent,
1102 1782 1249 1811 montium
1271 1781 1458 1810 mentionem
1473 1788 1571 1817 saepe
1594 1778 1745 1808 fecerunt.
1777 1777 1890 1806 Arabis
1908 1785 1997 1805 cam-

214 1837 326 1876 pestris
348 1842 406 1874 est,
430 1836 598 1870 desertum,
625 1838 746 1874 plantas
768 1837 958 1876 arboresque
981 1837 1009 1865 in
1033 1837 1159 1867 deserto
1178 1840 1363 1866 crescentes
1381 1835 1564 1873 bestiasque
1581 1833 1620 1862 ibi
1637 1833 1784 1861 viventes
1800 1830 1996 1867 describere3

214 1890 269 1920 sed
291 1901 385 1930 quum
407 1890 565 1920 desertum
589 1901 690 1929 neque
716 1893 869 1921 varietate
892 1897 944 1921 aut
967 1890 1195 1930 pulchritudine
1219 1889 1402 1929 regionum,
1427 1896 1530 1926 neque
1554 1886 1723 1915 bestiarum
1746 1888 1798 1913 ant
1823 1885 1997 1922 plantarum

214 1943 408 1973 multitudine
431 1945 552 1985 insigne
576 1945 627 1980 sit,
652 1945 849 1975 describendi
872 1948 950 1976 ratio
974 1946 1110 1984 simplex
1133 1950 1191 1974 est.
1217 1944 1308 1981 Quae
1332 1952 1383 1972 res
1401 1943 1428 1971 in
1446 1950 1681 1979 causaquoque
1695 1944 1757 1977 est,
1774 1948 1830 1968 cnr
1849 1938 1997 1977 pulchra-

214 2005 279 2024 rum
303 1997 465 2036 regionum
489 1997 718 2037 descriptiones
744 2000 903 2028 rarissime
926 2000 1134 2028 inveniantur.
1170 1997 1269 2034 Quem
1294 1998 1374 2026 enim
1398 2002 1523 2035 poetam
1552 2001 1684 2024 naturae
1708 1994 1874 2023 instinctus
1900 1992 1996 2028 ducit,

215 2050 256 2086 ei,
279 2054 311 2078 ut
332 2049 371 2079 ad
394 2060 446 2080 res
470 2051 693 2081 describendas
717 2054 883 2091 excitetur,
909 2052 1038 2082 easdem
1061 2057 1133 2081 ante
1156 2051 1266 2080 oculos
1289 2055 1437 2079 versatas
1464 2058 1536 2078 esse
1560 2053 1692 2088 oportet,
1730 2050 1764 2077 In
1789 2046 1997 2077 describendo

215 2113 277 2133 una
302 2104 384 2133 serie
406 2113 456 2133 res
479 2105 629 2135 interdum
655 2107 865 2145 producuntur
889 2117 916 2146 p.
940 2106 989 2136 23.
1014 2116 1043 2136 v,
1071 2106 1096 2135 1.
1131 2104 1338 2134 Describendi
1362 2103 1473 2133 modus
1494 2103 1616 2141 amplus
1639 2101 1793 2131 interdum
1816 2101 1998 2130 abundans-

216 2167 277 2197 que
299 2162 358 2187 est.
383 2158 439 2187 Sic
462 2159 490 2187 in
512 2168 547 2187 se
568 2159 723 2188 laudando
748 2165 841 2198 pocta
867 2170 894 2199 p.
917 2158 966 2189 37.
992 2169 1020 2190 v,
1043 2159 1071 2188 2.
1096 2168 1114 2188 a
1138 2164 1277 2198 tempore
1301 2163 1374 2187 ante
1398 2163 1517 2196 partum
1544 2158 1695 2196 incipiens
1718 2166 1773 2194 per
1791 2157 1894 2195 plures
1913 2156 1997 2184 vitae

216 2216 319 2242 status
342 2221 406 2241 rem
431 2212 577 2251 perducit.
610 2215 643 2242 ln
676 2224 707 2243 re
739 2214 945 2243 describenda
974 2214 1107 2243 vocibus
1136 2213 1302 2242 cuniulatis
1336 2211 1591 2251 perspicuitatem
1623 2209 1841 2248 descriptionis
1871 2215 1902 2238 et
1934 2210 1996 2238 vim

218 2267 372 2296 sermonis
395 2271 552 2305 augentes
577 2266 697 2296 modum
724 2273 841 2296 rectum
865 2278 925 2296 non
948 2276 1073 2306 semper
1098 2272 1241 2303 tenuere,
1264 2275 1354 2304 quam
1380 2275 1442 2293 rem
1468 2273 1515 2293 ex.
1541 2273 1586 2303 gr.
1611 2271 1638 2300 p.
1660 2262 1704 2290 ll.
1724 2271 1754 2293 v,
1776 2262 1799 2291 l.
1817 2263 1844 2290 in
1862 2261 1996 2289 vocibus

218 2323 313 2371 ΟΨ)
333 2320 456 2370 βῶξ,
473 2327 576 2368 ,Ἰήῧϊ
596 2323 705 2353 videre
721 2324 803 2354 licet.
834 2324 978 2353 Vocibus
999 2334 1097 2354 sensu
1113 2323 1282 2362 oppositis,
1305 2327 1340 2351 ut
1355 2321 1484 2351 claritas
1512 2325 1544 2350 et
1560 2320 1611 2349 vis
1638 2319 1796 2348 sermonis
1823 2324 1996 2358 cresceret,

220 2382 365 2412 effecere.
401 2383 456 2411 sic
482 2390 511 2420 p.
527 2381 558 2410 5.
589 2381 618 2409 in
645 2382 777 2410 vocibus
806 2383 905 2426 0020>
920 2387 952 2411 et
970 2376 1013 2410 U}
1041 2392 1070 2421 p.
1090 2382 1121 2411 6.
1137 2382 1165 2410 in
1192 2380 1320 2410 vocibus
1348 2377 1466 2418 filo.»
1486 2384 1518 2409 et
1536 2373 1626 2426 Qlssl»
1654 2377 1737 2408 conf.
1756 2387 1795 2416 -p.
1813 2377 1844 2406 7.
1874 2386 1901 2408 v,
1922 2378 1949 2407 l.
1964 2376 1995 2406 2.

221 2445 248 2475 p.
271 2438 299 2466 ὃ.
326 2447 354 2466 v.
375 2438 402 2466 2.
426 2436 466 2472 3.,
489 2447 517 2475 p.
542 2435 587 2465 13.
612 2446 641 2465 v.
666 2436 707 2473 2.,
733 2447 760 2475 p.
784 2438 832 2466 21.
856 2447 885 2466 v.
907 2438 947 2466 2..
973 2447 999 2474 p.
1023 2438 1073 2466 22.
1098 2447 1126 2466 v.
1153 2436 1189 2474 l.,
1215 2445 1243 2474 p.
1265 2434 1314 2464 34.
1340 2444 1369 2463 v.
1392 2434 1420 2463 2.
1445 2435 1596 2463 Personis
1619 2434 1827 2473 loquentibus,
1850 2442 1930 2471 quae
1948 2434 1996 2461 in·-

222 2490 424 2520 troducuntnr
447 2501 474 2529 p.
498 2491 547 2521 34.
571 2500 601 2520 ν.
625 2490 666 2524 2.,
690 2500 716 2528 p.
740 2490 787 2519 45.
814 2499 842 2517 v.
870 2489 906 2522 1..
932 2499 959 2527 p.
984 2490 1031 2517 7⁴.
1059 2499 1086 2519 ν.
1111 2490 1138 2518 2.
1162 2497 1218 2524 ec,
1243 2485 1325 2526 quod
1349 2492 1441 2525 poeta
1464 2486 1613 2516 absentes
1636 2493 1789 2523 personas
1813 2485 1996 2523 alloquitur,

221 2544 392 2582 interrogat
416 2545 515 2583 iisque
538 2552 722 2582 responsum
738 2542 802 2579 dat,
826 2542 961 2570 sermoni
985 2542 1132 2571 alacritas
1156 2551 1194 2570 ae
1218 2540 1266 2569 vis
1291 2539 1453 2569 adduntur.
1479 2541 1558 2570 conf.
1569 2550 1596 2578 p.
1609 2541 1652 2569 19.
1677 2550 1706 2568 v.
1722 2540 1827 2579 2.sqq.
1851 2540 1898 2571 23.
1923 2550 1949 2570 v.
1967 2541 1996 2569 2.

223 2596 313 2635 Quae
343 2597 565 2636 descriptiones
596 2600 627 2627 in
661 2598 750 2636 poesi
784 2605 875 2635 quum
909 2595 1092 2633 imaginibus
1123 2604 1289 2633 rerumque
1320 2595 1603 2633 comparationibus
1634 2594 1827 2632 potissimum
1849 2597 1995 2631 nitantur,
