2247 2865
988 75 1262 107 ...³09—

231 184 362 223 ruisset,
391 182 549 224 particula
575 181 638 211 vim
665 179 906 220 grammaticam
934 186 995 206 non
1025 176 1174 214 habente,
1200 183 1312 217 0>?y'
1337 171 1412 216 055,st
1439 171 1464 202 ὃ
1490 173 1656 204 dicendum
1676 174 1787 205 fuisse.
1814 175 2018 206 Scholiasta·

229 245 319 284 dixit,
346 251 473 285 poetam
493 245 557 274 isto
576 248 720 281 tempore
747 240 883 270 noudum
912 240 1085 279 captivum,
1113 248 1190 271 rem.
1218 247 1311 278 qnam
1340 237 1378 266 ob
1407 234 1634 272 fortitudinem,
1661 244 1722 274 qua
1746 246 1784 265 se
1812 237 1913 276 ipsum
1935 237 2018 266 omni

235 308 376 347 periculo
409 308 615 346 expositurus
650 308 759 343 esset,
794 305 822 333 si
849 313 910 332 non
945 301 1162 340 occideretur,
1201 300 1336 329 suturam
1365 303 1454 328 certo
1483 298 1602 337 sciret,
1639 301 1786 337 tanquam
1814 304 2017 337 praesentem

234 379 394 400 narrasse.
446 368 501 399 Sic
536 375 662 407 quoque
692 371 818 405 poetam
853 365 974 395 dixisse
1001 362 1105 406 (metr.
1136 359 1292 404 Redjes):
1330 362 1439 390 Filia
1479 369 1564 390 mea
1600 364 1722 399 patre
1761 360 1907 390 orbata
1942 366 2019 391 est.

227 429 294 460 Sed
320 438 412 469 quum
441 428 541 458 verba
574 431 607 457 et
633 428 768 457 maxime
796 427 991 467 participium
1023 426 1123 466 ἀξια
1160 430 1286 464 poetam
1323 424 1426 462 potius
1459 426 1661 463 praesentem
1695 432 1761 452 rem
1797 424 1868 469 (p,
1892 425 2018 470 ¹23.)

227 491 407 521 describere
434 489 592 531 indicent,
630 488 670 519 ad
703 499 811 519 eorum
848 489 1038 518 sententiani
1066 487 1267 527 accedimus,
1304 487 1353 526 qui
1390 491 1463 525 post
1498 485 1716 525 captivitatem
1747 490 1875 525 poetam
1901 495 2019 515 versus

226 553 444 594 composuisse
471 553 675 584 contendant.

222 651 253 680 3.
277 649 317 681 Si
334 660 438 688 pereo,
463 661 502 680 ne
523 650 684 681 imbecillo.
709 659 802 678 oraro
823 651 855 678 in
879 650 964 688 Indo,
988 660 1022 678 se
1043 651 1208 687 separanti
1230 650 1346 678 nubere
1368 648 1452 677 velis.

297 720 392 750 Ponit
412 720 551 751 futurum
566 729 649 757 esse,
681 723 713 750 ut
732 720 760 748 in
777 719 964 759 captivitate
981 725 1101 758 pereat.
1133 719 1225 757 Quod
1245 720 1273 748 si
1290 718 1451 755 acciderit,
1479 725 1610 747 uxorem
1630 717 1787 758 hortatur,
1817 722 1850 746 ut
1870 716 1899 746 in
1916 715 2018 755 ipsius

224 782 330 812 locum
356 783 502 812 maritum
531 783 643 813 fortem
673 788 704 812 et
733 781 890 811 liberalem
917 782 977 811 sibi
1008 782 1115 822 eligat.
1169 781 1269 811 nisce
1295 786 1401 810 autem
1422 765 1568 810 ‘ostendit
1601 788 1635 809 se
1673 779 1773 818 ipsum
1801 778 1916 808 sortem
1936 777 2018 808 libe-

228 845 388 883 ralemque
417 844 716 888 indicaturum-eam
746 844 806 883 ipsi
835 844 1007 874 virtutibus
1037 844 1200 883 aequalem
1226 843 1424 872 inventuram
1452 852 1512 871 non
1539 852 1624 872 esse.
1668 843 1759 871 Duae
1787 846 1893 871 autern
1923 850 2017 881 quum

226 907 386 936 Arnbibus
414 909 615 947 potissimum
645 906 792 936 laudatae
819 906 973 947 virtuteS,
1002 906 1151 936 soi-titudo
1179 905 1418 944 liberalitasque
1445 904 1528 945 sint,
1556 905 1614 934 has
1641 904 1701 934 sibi
1730 903 1890 936 vendicat,
1943 903 2018 932 Vox

214 968 305 1016 j>ls=
333 970 391 998 uisi
421 970 539 1011 ingenii
566 970 779 999 infirmitatem
808 972 840 999 et
867 973 933 1010 &⁸³⁴²
960 971 1101 1009 corporis
1129 968 1298 1008 designat,
1337 970 1431 1006 poeta
1459 967 1521 996 duo
1548 976 1730 1007 synonyma
1767 966 1944 1005 coniunxit,
1984 970 2018 995 ut

218 1039 342 1060 omnem
371 1040 584 1072 magnamque
611 1031 824 1061 infirmitatem
853 1030 1044 1071 designaret.
1082 1030 1245 1060 Avaritiae
1273 1039 1394 1069 qnoque
1422 1030 1609 1067 tribuebant,
1637 1030 1663 1058 si
1693 1029 1760 1068 quis
1791 1029 1818 1057 in
1845 1028 1918 1057 ludo
1938 1038 2014 1067 par-

217 1094 324 1132 ticeps
353 1103 414 1122 non
442 1099 542 1123 esset.
596 1093 650 1123 Sic
675 1094 705 1123 in
732 1094 936 1133 proverbium
964 1095 1050 1123 venit
1082 1094 1150 1124 eius
1177 1094 1286 1123 vilitas
1313 1092 1412 1136 (conf.
1442 1092 1540 1122 Meid.
1570 1091 1635 1132 23,
1666 1091 1748 1122 501.
1777 1087 1889 1133 502).
1915 1080 2017 1119 'Ludi

217 1163 328 1185 nomen
347 1166 436 1198 suga
468 1160 547 1188 erat.
574 1156 735 1185 Hamas.
763 1165 792 1195 p.
820 1154 870 1185 t‘o‘t
900 1165 931 1186 v.
959 1157 992 1186 4.
1029 1156 1192 1197 Sagittae,
1218 1167 1301 1196 quae
1330 1167 1348 1186 e
1377 1157 1477 1187 loculo
1502 1155 1764 1194 extrahebantur,
1793 1154 1877 1205 cinxi
1904 1158 1937 1183 et
1965 1150 2015 1200 5³5)-

217 1216 417 1258 appellatae,
447 1228 465 1247 e
491 1218 577 1258 ligno
606 1218 728 1248 arboris
756 1219 809 1265 βό
838 1218 1024 1257 confectae,
1052 1228 1132 1249 sono
1159 1228 1196 1249 se
1223 1219 1464 1260 distinguebant
1491 1218 1594 1248 cons.
1624 1217 1720 1247 Meid.
1750 1216 1786 1246 C.
1818 1216 1850 1253 6,
1878 1214 1910 1245 3.
1963 1214 2016 1245 Ne

220 1280 358 1320 sagittas
389 1280 563 1310 extrahens
595 1276 686 1325 (fulg)
713 1280 850 1320 sagittas
879 1286 1110 1321 cognosceret,
1143 1290 1256 1311 manus
1284 1282 1369 1311 corio
1398 1281 1515 1311 munita
1542 1284 1621 1309 erat.
1674 1278 1755 1308 Ludi
1784 1286 1880 1308 causa
1907 1276 2013 1315 pullus

219 1342 331 1371 cameli
367 1346 523 1372 mactatus
558 1344 590 1371 in
629 1342 744 1383 viginti
772 1347 846 1372 ooto
874 1347 928 1371 aut
956 1342 1067 1374 decern
1094 1345 1258 1382 portiones
1283 1343 1495 1374 dividebatur.
1548 1342 1631 1372 'l'res
1658 1345 1764 1371 autem
1792 1340 1871 1370 inter
1899 1348 2011 1369 omnes

221 1406 310 1432 erant
337 1403 491 1444 sagittae,
518 1415 616 1455 esame,
645 1414 738 1456 2⁹²⁹*
765 1409 798 1434 et
822 1407 891 1444 ιλὲ,
910 1405 1089 1444 appellatae
1109 1405 1321 1446 (Meid.c.1‚
1338 1405 1451 1446 3510,
1478 1414 1608 1444 quarum
1626 1412 1840 1444 possessores
1868 1402 2014 1442 portione

216 1474 278 1495 non
306 1466 493 1505 potirentur.
524 1466 586 1504 Qui
613 1468 810 1506 portionibus
838 1468 930 1507 potiti
946 1473 1048 1509 erant,
1075 1477 1129 1498 eas
1156 1469 1348 1508 pauperibus
1364 1468 1606 1508 petentibusque
1634 1467 1827 1498 distribuere
1857 1465 2013 1495 solebant.

216 1528 279 1567 Qui
308 1534 414 1559 autem
442 1530 481 1560 ob
508 1539 629 1569 pravos
656 1539 763 1559 mores
793 1540 811 1559 a
840 1535 938 1571 gente
967 1530 1122 1570 depulsus
1150 1534 1219 1560 erat.
1244 1527 1382 1576 (553),
1411 1530 1474 1560 ludi
1502 1530 1663 1569 particeps
1691 1538 1767 1558 esse
1795 1537 1856 1557 non
1885 1531 2012 1567 poterat

218 1591 332 1620 Eam.
358 1590 409 1621 1²05
437 1601 469 1620 v.
498 1593 530 1621 4.
559 1592 659 1622 schol.
713 1592 803 1621 Haec
832 1593 928 1632 igitur
957 1601 1009 1621 res
1037 1592 1067 1621 in
1095 1600 1192 1622 causa
1226 1598 1314 1632 erat,
1350 1602 1406 1622 cur
1433 1601 1451 1621 a
1477 1590 1658 1622 ludentibus
1686 1600 1723 1619 se
1749 1598 1904 1628 separans
1932 1597 2014 1617 ava-

216 1652 309 1682 ritiae
336 1653 553 1683 accusabatur
580 1654 686 1684 cons.
713 1659 815 1693 praet.
844 1654 976 1683 Hamas.
1004 1656 1044 1683 i‘m
1070 1664 1103 1685 v.
1130 1655 1162 1684 5.
1191 1658 1221 1684 et
1248 1654 1385 1684 Pocock.
1418 1664 1508 1694 spec.
1537 1664 1567 1693 p.
1588 1653 1669 1686 313,
1704 1652 1796 1681 Ludo
1825 1652 1877 1680 isti
1908 1651 2013 1680 vehe-

215 1719 338 1745 menter
364 1714 505 1745 deditum
531 1724 619 1754 esse,
648 1716 731 1746 laudi
759 1717 944 1748 ducebatur.
973 1717 1124 1746 Maximo·
1146 1725 1270 1755 quoque
1297 1716 1455 1756 vituperio
1484 1716 1613 1756 dignum
1642 1715 1818 1745 censebant
1847 1723 1930 1753 eum,
1959 1715 2012 1752 qui

213 1780 243 1807 in
269 1777 383 1808 itinero
410 1788 428 1808 a
455 1779 593 1809 caeteris
621 1784 759 1809 remotus
787 1781 887 1810 cibum
913 1785 1065 1810 sumeret.
1120 1780 1201 1810 Rem
1229 1780 1310 1809 enim
1338 1781 1445 1811 facere
1473 1780 1584 1809 timore
1612 1778 1739 1807 ductum
1768 1776 1943 1816 putabant,
1969 1785 2009 1805 ne

214 1843 294 1872 alius
323 1829 392 1882 ouis
419 1844 520 1874 cibum
547 1845 585 1875 ab
613 1855 651 1875 eo
678 1849 812 1885 peteret.
840 1846 938 1876 Poeta
953 1846 1198 1875 Ebn-Alahrnar
1216 1844 1396 1884 appellatus
1416 1841 1508 1871 simili
1527 1840 1620 1870 modo
1639 1839 1717 1869 dixit
1741 1839 1850 1876 (metr.
1868 1837 2010 1875 urani-J:

211 1917 258 1947 Sl
285 1917 396 1948 sella
424 1918 462 1956 U·
489 1919 582 1972 gyne)
610 1929 630 1949 a
654 1925 782 1961 gente
809 1920 961 1951 Maahd
987 1925 1137 1951 cessat
1161 1916 1209 1963 ¹),
1249 1928 1363 1958 quam
1391 1916 1510 1958 digni
1536 1919 1633 1946 sunt
1664 1922 1788 1945 casus
1817 1912 2010 1951 adversi,

214 1996 257 2023 ut
282 1991 478 2023 veniant!
531 1994 591 2023 Ne
630 2003 716 2024 cum
752 1994 884 2026 debili
921 2000 958 2026 te
996 1997 1231 2036 coniungas
1267 1995 1304 2033 (ο
1334 1993 1494 2032 mulier)
1531 1989 1611 2033 (leg.
1640 1986 1754 2040 &afa-³),
1796 1988 1862 2028 qui
1901 1987 1936 2016 si
1973 1987 2011 2015 in

212 2072 346 2107 gente
363 2071 612 2097 nocturnum
628 2068 710 2098 iter
730 2069 893 2100 faciens
913 2070 1228 2110 proficiscitur,
1245 2078 1358 2099 mane
1379 2068 1461 2108 (leg.
1477 2064 1613 2096 uagi...-
1629 2063 1734 2116 2³:¹0⁸)
1751 2061 1850 2107 (cibi
1871 2058 2011 2104 causa)

212 2139 260 2160 se
287 2129 496 2170 humiliat,
535 2130 600 2169 qui
625 2131 747 2164 stlac
775 2142 969 2163 crassum
996 2142 1081 2163 cum
1109 2133 1219 2162 dulci
1245 2133 1412 2161 mixtum
1439 2130 1566 2169 bibit,
1594 2128 1720 2158 dicit:
1749 2126 2008 2165 Constringe

215 2192 253 2231 (ο
280 2192 451 2232 mulier)
479 2198 610 2223 utrem
636 2199 767 2234 tuum3
804 2200 907 2234 potu
933 2196 1090 2226 satiati
1125 2204 1272 2232 sumus
1298 2192 1334 2236 (i.
1362 2204 1390 2224 e.
1419 2193 1587 2232 timens,
1614 2201 1662 2222 ne
1690 2192 1792 2221 alius
1821 2190 1910 2229 quis
1940 2189 2008 2217 lac

210 2254 259 2284 ab
285 2255 381 2294 ipso
409 2254 565 2294 petat)!

208 2328 245 2357 4.
264 2326 331 2358 Sed
354 2327 497 2366 familiae
523 2331 596 2356 tuae
623 2331 770 2358 maritum
799 2331 854 2359 tibi
874 2329 913 2366 {in
938 2331 1037 2360 Iocum
1061 2332 1172 2360 amissi
1192 2338 1281 2358 sume
1302 2337 1388 2361 eum,
1419 2330 1474 2366 qui
1501 2336 1617 2364 magna
1645 2326 1725 2353 dmm
1748 2325 1802 2352 dat
1831 2326 1997 2351 strenuos-

1006 2395 1067 2424 que
1087 2384 1209 2414 occidit.

305 2437 377 2468 Hoc
405 2447 518 2477 versu,
543 2447 733 2478 quamquam
759 2441 840 2470 alius
867 2442 1058 2472 mentionem
1085 2442 1170 2482 iecit,
1199 2446 1306 2471 tamen
1332 2448 1369 2468 se
1397 2439 1500 2477 ipsum
1529 2434 1689 2465 describit.
1719 2433 1800 2463 Voci
1821 2432 1895 2473 alata,
1924 2441 2005 2471 quae

225 2517 257 2550 1)
275 2519 350 2542 Sella
367 2520 391 2543 si
409 2527 426 2543 ιι
447 2521 554 2543 iumenti
576 2523 656 2544 dorso
676 2522 823 2549 delabitur.
851 2530 934 2555 equus
957 2525 982 2548 in
1005 2529 1102 2549 terram
1129 2525 1233 2549 decidit.
1268 2525 1349 2548 Poena
1368 2523 1448 2554 igitur
1467 2520 1665 2551 comparatione
1692 2519 1811 2541 instituta
1837 2517 2007 2542 calamitates

270 2566 359 2596 gentis
377 2567 476 2590 Maahd
493 2567 646 2597 significare
665 2569 762 2593 voluit.
