2247 2865
977 95 1247 126 —418—

225 197 298 237 qui
334 196 376 225 in
414 195 506 225 loco
544 195 621 225 tibi
649 196 847 226 obverso
874 195 1033 224 montis
1062 195 1282 226 Cowaicib
1315 196 1511 236 sepulcro
1547 199 1660 226 terra
1694 195 2007 236 lapidibusque

226 259 454 297 composito
491 258 668 288 traditus
705 261 767 287 est
802 262 865 287 etc.
918 256 1007 295 Quos
1034 267 1152 287 versus
1188 267 1279 296 quum
1315 258 1517 298 audivisset,
1553 257 1741 287 Hodbahum
1771 258 1909 289 dixisse:
1949 258 2011 288 Per

228 314 347 350 Deum!
377 320 546 359 Nunquam
572 320 739 360 sanguinis
767 319 899 358 pretium
929 319 1086 358 accipiet3
1116 329 1187 349 eum
1215 320 1312 360 igitur
1339 315 1450 350 sinite!
1484 320 1573 349 Deus
1593 320 1685 349 vobis
1705 320 1818 350 bonum
1845 315 2013 351 retribuat!

223 382 584 412 Ahbd-Alrahmanum
616 387 723 411 autem
760 381 841 410 diem
868 381 998 422 obiisse,
1029 384 1196 419 antequam
1224 382 1413 412 Miswarus.
1449 382 1533 412 filius
1561 381 1716 422 Sijadahi,
1755 382 1883 412 adultus
1911 386 2012 411 esset.

226 444 348 474 Eadem
375 448 479 474 autem
507 447 612 483 nocte,
640 452 700 481 qua
726 443 904 472 Miswarus
931 442 969 472 ad
998 447 1151 473 maturam
1176 448 1311 474 aetatem
1333 447 1550 484 pervenisset,
1578 454 1649 474 eum
1665 444 1825 474 Medinam
1842 444 2014 474 deductum

224 516 300 537 esse
328 510 359 537 et
384 507 501 536 fratres
535 502 658 548 (amici)
682 516 700 535 e
726 506 936 535 Koraischitis
963 506 1120 536 Hodbaho
1152 516 1289 546 pannum
1325 507 1463 547 lineum,
1500 517 1560 546 quo
1594 507 1734 537 cadaver
1772 507 1947 536 involvitur
1983 511 2015 536 et

223 573 364 599 aromata
380 567 507 598 Hanuth
524 568 664 599 misisse.
693 568 769 598 Post
796 570 894 599 hasce
923 579 975 599 res
990 569 1179 598 Hodbahuni
1207 574 1350 608 tempore
1374 569 1493 608 imperii
1508 570 1656 600 Alwalidi
1683 571 1712 600 b.
1733 570 1858 601 Ohtbah
1874 571 1900 600 b.
1917 570 2011 600 Abu-

222 630 334 670 Sofijan
352 617 422 669 (qui
442 639 522 659 anno
541 630 586 659 54
605 630 768 669 imperium
786 631 935 661 Met-dinae
955 631 1087 661 obtinuit
1114 631 1197 661 conf.
1217 631 1335 661 Citab
1350 627 1659 662 Tahdsibi-I’Asmai
1675 643 1705 672 p.
1723 632 1835 672 5460,
1852 642 1870 661 e
1886 641 2013 662 carcere

223 693 374 724 eductum
402 692 501 722 hosce
528 703 647 723 versus
683 694 840 724 recitasse
867 692 974 736 (metr.
1003 693 1161 737 Thawil>2
1190 695 1426 725 Bibendum
1454 695 1556 725 mihi
1583 695 1674 726 date
1703 696 1878 725 iteratis
1904 695 2011 724 vici-

222 756 297 785 bus
325 765 406 785 vos
434 754 514 784 duo
544 760 758 794 antequam
778 757 983 795 praeficae
1001 758 1199 798 plangunt
1219 762 1253 787 et
1274 758 1413 788 anima
1440 760 1561 787 inter
1589 762 1735 787 costas
1763 757 2009 797 adscendit,

222 821 261 847 et
290 822 387 847 ante
413 817 657 847 matutinum
687 823 853 858 tempus
881 819 986 849 eheu
1016 820 1173 850 animae
1201 818 1329 851 meac!
1358 821 1407 850 ob
1437 822 1675 851 matutinum
1703 825 1891 861 tempuS,
1919 829 2006 859 quo,

223 880 310 910 dum
346 881 453 911 socii
480 881 556 910 mei
584 881 785 922 redeunt,
824 891 906 923 ego
945 892 1022 912 non
1052 883 1193 912 redeo.
1247 882 1373 920 Quum
1410 885 1514 913 socii
1550 884 1621 913 mei
1659 884 1861 920 redeunt,
1899 883 2009 912 oculi

222 953 365 973 eorum
400 945 595 984 lacrymis
640 948 820 984 manant,
861 945 948 974 dum
986 946 1025 975 in
1061 944 1255 983 sepulcri
1295 945 1451 974 latere
1492 945 1715 983 lapidibus
1757 944 1861 974 tecti
1908 943 2009 973 reli-

220 1011 308 1035 ctus
333 1016 429 1036 sum.
458 1007 628 1038 Dicunt:
656 1008 759 1038 Num
788 1008 917 1038 fratri
944 1013 1090 1038 vestro
1119 1009 1226 1038 bene
1253 1009 1572 1044 concinnastis:
1602 1008 1674 1037 sed
1703 1008 1943 1047 sepulcrum
1971 1007 2009 1036 in

220 1074 342 1098 terra
368 1070 498 1108 ampla
526 1069 669 1099 bonum
696 1079 771 1099 non
799 1075 878 1099 est.
916 1070 1131 1100 Prodeuntem
1164 1081 1182 1100 e
1212 1080 1340 1101 carcere
1360 1071 1398 1100 ad
1418 1071 1559 1100 homines
1579 1071 1700 1100 dixisse
1728 1070 1837 1108 (metr.
1853 1065 2010 1110 Thawil):

221 1130 248 1160 0
276 1131 412 1160 throni
439 1140 686 1170 possessor
714 1127 888 1171 (Deus)!
935 1142 1015 1173 ego
1043 1143 1101 1162 me
1129 1133 1203 1162 tibi
1232 1133 1344 1162 trado
1373 1139 1413 1162 et
1441 1133 1488 1162 ad
1514 1138 1553 1162 te
1580 1133 1625 1162 ab
1653 1133 1750 1173 igne
1779 1131 2008 1171 confugio,

219 1194 391 1235 tristis,
431 1204 603 1234 pauper.
664 1195 799 1224 Exosa
834 1194 924 1224 mihi
962 1200 1058 1225 erat
1095 1195 1319 1235 iniustitia,
1361 1196 1565 1236 quamdiu
1601 1195 1828 1225 iniustitia
1866 1196 2007 1225 laesus

219 1266 300 1286 non
328 1266 470 1298 eram,
499 1257 694 1287 adfectus
722 1257 872 1294 corde,
900 1257 1088 1297 fugiens.
1116 1259 1202 1299 Ego
1232 1269 1347 1296 vero,
1376 1260 1454 1289 etsi
1483 1259 1705 1298 loquuntur
1734 1260 1937 1297 princeps
1967 1262 2008 1286 et

219 1319 438 1350 subdditus
467 1325 509 1350 et
538 1320 751 1350 custodes
779 1324 1012 1360 portarum,
1038 1321 1179 1358 quibus
1207 1322 1370 1351 stridor
1399 1327 1482 1353 cst:
1510 1322 1624 1362 Scio,
1655 1331 1729 1351 rem
1760 1325 1867 1351 tuam
1896 1328 2008 1357 esse,

218 1382 256 1411 si
285 1382 472 1423 iudicas,
514 1388 590 1412 tum
630 1382 811 1412 dominus
848 1383 943 1412 etsi
977 1383 1128 1412 veniam
1157 1383 1249 1421 das,
1289 1384 1529 1413 condonans.
1585 1383 1686 1421 Quum
1715 1387 1818 1413 autem
1847 1382 1961 1412 educto
1989 1391 2007 1411 a

218 1444 383 1484 praefecto
411 1446 682 1484 praetorianorum
711 1454 881 1475 occurrens
902 1445 1233 1476 Ahbd-Alralunanus
1261 1448 1290 1476 b.
1318 1448 1444 1476 nassau
1472 1447 1499 1476 b.
1527 1447 1648 1476 'rsabet
1667 1446 1824 1476 Anzarita
1851 1445 2005 1474 dixisset:

218 1508 346 1537 Versus
374 1509 444 1538 mihi
471 1503 592 1538 recita!
621 1509 753 1538 alterum
769 1510 1014 1548 interrogasse:
1041 1509 1128 1538 Num
1155 1509 1194 1538 de
1224 1510 1283 1539 lioc
1310 1513 1395 1538 statu
1412 1506 1428 1538 ’ἐ
1457 1514 1489 1538 et
1516 1519 1610 1548 quum
1625 1510 1715 1547 alter,
1744 1503 1839 1538 sane!
1870 1517 2006 1546 respon-

218 1569 332 1607 disset,
359 1580 430 1600 cum
458 1570 617 1599 recitasse
645 1572 752 1608 (metr.
781 1570 904 1599 'l'hawil
931 1571 1056 1609 syllaba
1082 1571 1168 1601 initio
1197 1572 1360 1611 abiecta];
1386 1573 1526 1612 Neque
1553 1573 1688 1602 laetus
1716 1581 1877 1611 semper
1903 1580 2005 1610 sum,

219 1643 339 1673 quum
368 1638 520 1672 tempus
558 1633 720 1662 laetitia
754 1642 808 1662 nie
838 1632 988 1662 adficit
1022 1642 1156 1672 neque
1191 1634 1359 1673 tristis,
1399 1644 1514 1673 quum
1557 1644 1603 1664 se
1639 1635 1862 1664 convertit.
1915 1634 2005 1674 Ego

219 1698 369 1726 malum
410 1705 487 1725 non
523 1699 643 1735 opto,
679 1695 767 1724 dum
806 1695 955 1724 malum
984 1705 1042 1724 me
1075 1696 1291 1734 relinquit3
1328 1696 1403 1725 sed
1430 1706 1550 1735 quum
1581 1697 1626 1727 ad
1660 1697 1802 1726 malum
1834 1695 2004 1735 adiget,

217 1759 253 1788 id
282 1758 464 1798 perficio
518 1758 677 1787 Amicus
705 1767 813 1787 meus
841 1768 900 1787 me
932 1758 1137 1795 irritavit,
1177 1758 1311 1788 donec
1338 1759 1373 1787 in
1409 1769 1497 1789 euin
1534 1760 1730 1789 irruerem
1767 1763 1803 1788 et
1839 1757 2002 1798 quando

218 1823 418 1861 patruelis
447 1826 545 1850 tuus
571 1825 607 1850 te
634 1821 805 1858 irritat,
833 1825 874 1850 tu
902 1817 1125 1850 irritaris?
1177 1821 1271 1850 Hunc
1298 1821 1402 1850 virum
1429 1822 1609 1860 relinquens
1638 1831 1743 1871 (lu-uni,
1771 1831 1825 1851 cur
1853 1821 2004 1861 ploraret,

220 1886 493 1925 interrogaretur,
531 1895 599 1914 euni
629 1884 858 1923 respondisse:
888 1885 932 1914 Se
960 1884 998 1914 ad
1026 1889 1160 1914 mortem
1188 1888 1358 1913 venturum
1385 1883 1517 1923 ligatum
1549 1884 1648 1923 (quod
1677 1883 1827 1913 dedecori
1854 1883 2007 1922 putabant

217 1946 317 1983 esse).
371 1945 475 1982 Quum
503 1950 605 1975 autem
640 1945 678 1974 ad
715 1945 816 1974 locum
844 1946 969 1975 ultionis
1003 1946 1151 1975 venisset
1187 1948 1218 1975 et
1247 1946 1276 1974 in
1302 1954 1408 1985 genua
1443 1950 1476 1974 ut
1509 1945 1728 1986 occideretur,
1766 1945 2004 1986 procubuisset,

219 2007 520 2047 uxoremSijadahi,
548 2012 680 2036 matrem
697 2007 852 2046 Miswari,
879 2007 1021 2038 dixisse:
1047 2008 1134 2037 Num
1162 2011 1284 2037 noctem
1312 2007 1504 2044 recortlariS‚
1532 2012 1669 2047 noctem,
1697 2016 1753 2046 pro
1782 2017 1842 2046 qua
1869 2009 1897 2036 si
1914 2007 2003 2036 Deus

217 2075 289 2108 est,
317 2078 448 2108 poenam
475 2079 493 2098 a
519 2074 550 2098 te
577 2065 707 2099 sumet?
747 2068 817 2098 dum
845 2078 910 2098 rem
938 2069 968 2098 in
995 2068 1117 2109 gremio
1146 2068 1301 2107 portabat.
1354 2068 1432 2098 Tum
1463 2069 1602 2109 gladium
1630 2069 1815 2098 educentem
1842 2079 1911 2098 cam
1939 2068 2003 2098 filio

216 2130 362 2159 dixisse:
390 2130 526 2159 Percute
554 2140 643 2167 euin,
673 2135 706 2159 tu
737 2130 845 2159 matris
871 2133 902 2159 et
929 2130 1029 2169 patris
1057 2130 1126 2159 loco
1154 2130 1227 2159 mihi
1255 2125 1311 2159 es!
1365 2130 1476 2159 Filium
1503 2134 1608 2160 autem
1634 2130 1695 2159 ictu
1721 2138 1783 2159 uno
1811 2130 1880 2159 eius
1908 2134 2004 2169 caput

216 2192 365 2223 diffidisse
394 2196 427 2221 et
453 2197 519 2222 tum
546 2192 688 2222 familiam
718 2192 864 2222 Hodbalii
891 2193 1033 2223 occisum
1060 2192 1253 2232 removisse,
1281 2195 1314 2221 ut
1342 2192 1541 2230 sepeliretur.

1022 2291 1192 2325 chu.

611 2355 751 2389 nixit
772 2356 968 2390 Ahmru
989 2357 1030 2390 l».
1053 2358 1268 2391 Coltsum
1292 2357 1601 2398 Tagtssebita.

312 2441 508 2471 Scholiastes
535 2441 564 2470 in
592 2440 779 2480 explicando
806 2450 920 2470 nomen
936 2441 1092 2481 Coltsum,
1120 2440 1202 2480 quod
1230 2451 1344 2470 nomen
1372 2443 1552 2481 primarium
1581 2448 1612 2473 et
1644 2452 1705 2472 non
1719 2441 1906 2472 translatum
1936 2446 1998 2479 est,

214 2506 248 2531 ut
275 2503 397 2542 probet,
422 2501 488 2545 5:35
520 2501 711 2532 Caltsam
739 2502 880 2531 mulieris
908 2511 1021 2531 nomen
1049 2510 1134 2540 esse,
1163 2509 1351 2541 sequentem
1380 2514 1509 2535 versum
1529 2505 1694 2535 adnotavit
1714 2503 1817 2547 (metr.
1835 2501 1996 2548 Tliawil):

214 2563 240 2593 0
268 2565 390 2594 amici
417 2564 491 2593 mei
518 2564 594 2593 duo
624 2572 641 2593 e
669 2568 797 2604 gente
824 2563 937 2593 Sahd
965 2558 1134 2592 adeste!
1173 2569 1254 2594 tum
1287 2567 1478 2597 salutem
1505 2567 1629 2597 dicite
1657 2562 1915 2597 Caltsamae!
1946 2577 1996 2597 ne
