2247 2865
982 99 1255 132 —54o-

226 206 326 246 (conf.
354 204 493 235 Meidan-
522 204 559 233 Τ.
586 202 638 233 111.
667 201 702 231 P.
729 201 760 231 2.
789 211 819 240 p.
846 201 892 230 69
921 200 1018 239 sqq.).
1071 200 1181 230 Verba
1217 191 1336 228 autem'
1363 203 1526 238 postrema
1561 207 1680 227 versus
1706 197 1745 228 ad
1771 196 1855 228 illam
1881 200 2010 239 propin-

226 279 358 311 quorum
385 268 600 307 inimicitiam,
631 276 712 306 quae
740 275 781 295 ex
807 265 899 301 Ιοοο,
933 261 1016 292 unde
1042 271 1105 291 non
1132 265 1312 302 metuatur,
1340 261 1446 290 subito
1474 264 1674 301 prorumpat,
1711 262 1843 291 torrenti
1867 263 1956 292 collis
1983 263 2014 293 in

227 333 384 372 depresso
412 332 479 362 loco
504 330 672 370 profluenti
698 328 831 358 similem
858 326 1020 364 respicere
1046 327 1146 364 putat.
1200 323 1554 353 Abu-Moliammedes
1583 324 1733 353 Alahrabi
1762 333 1848 354 more
1876 333 1948 365 suo,
1977 330 2012 355 ut

227 396 353 426 stultam
379 395 463 424 illam
489 392 678 422 sententiam
705 399 781 419 esse
806 388 967 427 ostendat,
994 386 1163 426 proverbio
1191 394 1270 414 usus
1298 389 1367 414 est:
1399 386 1447 417 ,³0
1477 386 1744 424 struthiocamela‚
1773 388 1824 417 ubi
1843 389 1892 417 vi,-
1910 385 2006 418 est‘g«

229 458 330 500 (conf.
357 457 454 487 Meid.
483 456 519 486 C.
541 456 598 494 28,
620 454 676 483 68.
704 454 797 482 Hunc
818 449 965 480 vertendi
994 448 1121 478 modum
1148 447 1313 476 rectiorem
1345 453 1432 486 puto,
1455 458 1547 487 ‘quam
1575 459 1666 487 eum,
1695 452 1745 489 qui
1774 451 1803 479 in
1832 460 1902 480 meo
1930 452 2016 481 Mei-

229 521 312 552 danii
339 529 436 559 opere
463 517 640 555 invenitur)
668 520 701 545 et
727 514 769 543 illi
796 512 886 551 colli,
924 511 976 541 ubi
1002 511 1114 540 domus
1143 519 1202 539 non
1231 512 1418 540 coniunctae
1445 513 1526 550 sint,
1561 517 1687 550 poetam
1723 512 1888 551 imprecari
1921 512 2012 554 dixit,

229 589 265 614 ut
293 587 433 613 torrente
460 585 577 610 careat.
631 577 832 608 Abu-rAhia
861 579 967 605 autem
997 574 1176 603 Namiritae
1204 574 1310 612 polius
1337 582 1492 602 assensus
1520 583 1650 603 sensum
1679 583 1753 604 esse
1782 574 1876 608 dixit:
1910 576 2018 606 Inimi-

230 646 303 677 citia
329 649 384 676 tua
411 644 539 675 occulta
565 647 631 681 est,
660 642 700 672 illi
726 641 857 671 torrenti
888 639 1015 678 similis,
1042 638 1093 676 qui
1121 636 1279 676 inopinato
1306 636 1420 665 homini
1447 637 1635 675 supervenit
1662 642 1694 667 et
1720 637 1798 668 haec
1824 644 1875 668 est
1902 648 2015 679 causa,

230 719 299 750 cur,
328 718 346 738 o
374 709 476 746 collis,
504 707 682 746 timeamus,
710 715 749 734 ne
776 705 805 733 in
833 709 865 734 te
885 703 1077 733 habitemus·

229 807 263 837 3.
292 806 405 836 Altera
427 808 493 841 est,
524 804 608 843 quod
627 812 727 841 neque
751 811 821 831 cum
843 811 877 830 eo
900 800 1035 838 colloqui
1053 807 1197 836 possum,
1233 805 1333 834 neque
1356 805 1491 824 amorem
1515 800 1776 833 commonstrare,
1809 798 1906 826 donec
1928 808 2017 827 mons

935 853 1083 884 Olearidli
1106 861 1176 881 esse
1198 854 1311 879 cessat.

330 932 472 961 Alteram
500 930 651 959 tristitiae
680 936 810 957 causam
839 924 970 964 profert.
1009 922 1054 952 Se
1081 931 1151 952 cum
1180 930 1218 950 eo
1248 929 1352 959 neque
1379 929 1554 950 sermonem
1582 920 1729 950 conferre
1753 931 1854 961 neque
1882 932 2020 953 amorem

231 996 260 1026 ei
287 994 457 1024 ostendere
484 1001 593 1031 posse.
647 990 788 1019 Verbum
815 983 958 1035 &512me
994 983 1252 1024 quemadmodum
1280 984 1308 1013 in
1337 983 1551 1013 antecedente
1587 994 1686 1015 versu
1723 985 1762 1015 ad
1799 995 1910 1016 vocem
1938 983 2021 1035 &5²

231 1056 442 1093 ostendimus,
470 1055 602 1084 formam
630 1062 754 1091 quoque
780 1050 878 1080 futuri
906 1048 1043 1078 Nasbati
1070 1047 1189 1077 habere
1219 1051 1339 1085 potest.
1377 1046 1482 1084 Quum
1500 1046 1530 1075 in
1559 1049 1658 1085 primo
1687 1057 1795 1083 versu,
1823 1057 1860 1077 se
1888 1049 2021 1079 amicum

232 1120 378 1161 diligere,
406 1119 553 1157 dixisset,
582 1117 611 1145 in
637 1116 694 1145 hoc
722 1123 818 1143 versu
846 1114 966 1141 omissa
993 1119 1076 1150 voce
1104 1108 1317 1138 antecedente
1343 1110 1485 1153 σφὼ,
1514 1112 1577 1137 tam
1599 1109 1716 1149 agendi
1734 1109 1900 1148 rationem,
1927 1120 2021 1150 quam

233 1193 320 1214 amor
345 1183 375 1212 in
402 1182 534 1211 alterum
563 1179 717 1219 postula?,
744 1186 836 1216 quam
864 1184 1002 1205 amorem
1030 1172 1174 1211 alterius,
1201 1180 1295 1210 quem
1327 1170 1383 1200 sibi
1413 1170 1614 1209 comparandi
1642 1172 1767 1200 occasio
1784 1171 1888 1209 deest,
1918 1173 2022 1213 signi-

233 1245 331 1276 ficare
358 1248 475 1284 potest.
527 1243 628 1272 Poeta
655 1241 736 1270 alius
764 1239 843 1269 dixit
871 1237 981 1275 (metr.
1012 1234 1176 1272 'l'hawil):
1214 1232 1335 1270 Quum
1363 1242 1472 1262 amor
1499 1232 1538 1261 in
1565 1232 1886 1263 coniunctionem
1919 1243 2020 1273 pro..

233 1317 388 1349 pensus
416 1315 497 1336 non
526 1309 613 1342 est,
641 1306 682 1333 iu
709 1311 864 1341 amore,
900 1298 967 1338 qui
995 1307 1067 1337 per
1094 1297 1408 1326 intercessorem
1436 1295 1504 1335 fit,
1541 1295 1685 1324 bouum
1714 1305 1795 1326 non
1823 1302 1897 1327 est.
1952 1297 2023 1328 Oh-

232 1369 357 1402 waridh
383 1378 497 1398 nomen
525 1365 637 1396 montis
664 1365 694 1394 in
721 1363 835 1393 ditione
863 1361 970 1402 gentis
1001 1360 1082 1390 Thai
1117 1363 1188 1399 est,
1223 1359 1251 1387 in
1280 1367 1340 1397 quo
1375 1358 1579 1397 sepulchrum
1609 1359 1803 1388 celeberrimi
1836 1360 1917 1390 illius
1951 1361 2024 1400 viri,

233 1431 451 1463 Hatem-'rhai
479 1429 639 1469 appellati,
669 1436 744 1456 esse
772 1425 887 1455 dicunt.
925 1424 1049 1454 Statum
1077 1423 1175 1463 igitur
1201 1422 1286 1450 illum
1318 1420 1500 1450 duraturum
1529 1430 1604 1450 esse
1632 1421 1759 1462 indicat,
1785 1427 1910 1452 montes
1929 1423 2024 1462 enim,

235 1505 331 1535 quum
359 1494 439 1523 firmi
467 1493 530 1522 sint
568 1491 674 1522 conf.
704 1489 802 1520 Meid.
833 1489 868 1518 C.
900 1488 942 1527 4,
968 1487 1025 1516 41.
1054 1490 1086 1514 et
1115 1489 1238 1523 petrae,
1275 1491 1365 1521 quum
1393 1482 1603 1522 transportari
1629 1492 1691 1512 nou
1717 1484 1841 1522 possint
1868 1484 1958 1523 (ibid.
1987 1485 2023 1515 C,

241 1558 297 1596 14,
328 1557 532 1596 109.),5rem
560 1556 740 1586 duraturam
768 1552 914 1582 iudicant.

236 1658 269 1687 4.
305 1656 407 1684 Tertia
436 1657 502 1689 est,
537 1654 621 1692 quod
651 1653 864 1680 incursionem
894 1647 1038 1677 hostilem
1067 1654 1132 1673 mm
1163 1653 1225 1672 non
1251 1645 1391 1679 facimus
1420 1645 1451 1671 et
1479 1644 1511 1670 in
1534 1643 1715 1671 incursione
1742 1643 1827 1671 hosti
1846 1643 1910 1671 odii
1931 1643 2025 1681 pleno

967 1703 1197 1731 occurrendum
1222 1704 1276 1729 88!-

334 1779 475 1808 Tertiam
506 1788 572 1807 rem
600 1785 752 1806 enarrans
780 1783 910 1804 causam
938 1772 1029 1802 simul
1059 1771 1153 1801 addit.
1205 1771 1239 1798 In
1267 1770 1448 1799 incursione
1477 1768 1583 1798 hostili
1611 1768 1744 1797 amicum
1772 1767 1932 1797 sincerum
1959 1776 2018 1796 no-

236 1843 283 1873 bis
310 1841 527 1871 necessarium
558 1848 653 1878 esse,
689 1838 804 1877 quippe
838 1845 907 1865 cum
944 1835 1035 1864 hoste
1070 1833 1131 1863 odii
1161 1833 1253 1872 pleno
1282 1830 1491 1861 dimicandum
1525 1831 1577 1859 sit.
1630 1830 1818 1858 Mersukius
1846 1829 2022 1867 adnotavit,

237 1910 363 1943 poetam
391 1912 444 1932 res
471 1903 541 1932 illas
569 1903 650 1931 bono
680 1900 790 1929 ordine
818 1907 1009 1938 enarrasse,
1045 1906 1139 1935 quum
1167 1905 1184 1924 a
1212 1893 1354 1935 generali
1382 1903 1416 1922 re
1443 1897 1474 1921 et
1508 1891 1598 1930 quasi
1634 1891 1791 1920 amicitiae
1824 1891 2026 1921 fundamento

237 1967 391 2006 incipieus
419 1965 458 1994 ad
486 1964 638 2004 specialia
670 1966 830 2003 pergeret.
866 1961 900 1989 ln
918 1960 1018 1989 verbo
1049 1966 1129 1993 ιιᾳῖ,
1155 1958 1265 1987 eadem
1294 1954 1469 1993 repetenda
1494 1957 1579 1991 sunl,
1607 1962 1688 1992 quae
1715 1953 1754 1982 ad
1783 1953 1883 1983 verba
1905 1950 2023 1988 <ei-fimi

1046 1983 1069 2006 k
1901 1979 1930 2000 t..

238 2033 271 2058 et
295 2034 374 2077 (2⁴5
406 2028 634 2067 praemisimus.
688 2027 763 2055 Vox
791 2025 813 2052 Lo
848 2024 972 2053 nonnisi
1007 2022 1116 2050 verbis
1154 2020 1358 2058 sequentibus
1395 2027 1465 2046 cum
1499 2016 1763 2046 antecedentibus
1797 2015 2028 2056 coniungendis

238 2091 373 2121 inservit
400 2094 431 2119 et
459 2099 559 2118 sensu
587 2087 816 2127 quodammodo
851 2085 1016 2125 superflua
1050 2088 1101 2113 est
1139 2082 1262 2121 (conf.
1291 2082 1392 2110 Ham.
1423 2090 1451 2118 p.
1477 2078 1524 2107 ³⁸⁸?
1553 2088 1582 2107 v.
1612 2077 1684 2117 35),
1720 2087 1855 2116 quacum
1890 2077 2026 2107 confun-

238 2151 371 2181 dendam
399 2161 460 2180 nou
489 2160 566 2180 esse
593 2156 668 2188 puto
697 2149 827 2179 eandem
854 2157 979 2186 vocem,
1007 2154 1086 2184 quae
1116 2145 1184 2173 loco
1213 2142 1405 2182 pronominis
1434 2133 1526 2180 §exli
1555 2146 1607 2169 est
1634 2143 1666 2168 et
1695 2147 1829 2178 quaeum
1858 2139 2028 2169 coniuncta

239 2214 414 2254 propositio
450 2211 510 2241 Libo
543 2213 720 2251 appellatur
756 2210 856 2249 (cons.
896 2210 990 2238 llam.
1029 2217 1059 2246 p.
1087 2205 1132 2236 rf‘t
1168 2216 1199 2235 v.
1228 2204 1292 2244 2.).
1356 2202 1529 2232 Posterior-i
1561 2210 1680 2230 versus
1717 2201 1798 2239 parti
1833 2200 2027 2231 scholiastes

238 2274 396 2314 duplicem
418 2283 546 2303 sensum
563 2273 653 2303 tribui
668 2282 766 2311 posse
793 2272 871 2301 dixit
884 2268 899 2309 3⁷
921 2279 1027 2309 unuin,
1056 2277 1116 2307 quo
1145 2271 1241 2306 poeta
1268 2266 1356 2304 velit,
1385 2265 1414 2293 in
1446 2264 1623 2293 incursione
1651 2263 1757 2292 hostili
1785 2263 1929 2292 hostibus
1957 2261 2027 2291 odio

238 2337 373 2376 impletis
401 2337 539 2373 occurri,
569 2340 602 2365 ut
629 2335 747 2364 amicus
776 2334 915 2378 sincerus
940 2341 1020 2371 opus
1047 2333 1107 2371 sit;
1136 2330 1290 2367 alterum,
1317 2327 1346 2355 in
1374 2326 1554 2356 incursione
1582 2325 1690 2354 hostili
1717 2324 1864 2353 hostibus
1892 2322 2028 2362 occurri,

238 2404 270 2429 et
296 2398 450 2438 quomodo
478 2394 614 2427 amicis?
667 2395 904 2426 Abu-Hilalus
940 2399 1046 2423 autem
1079 2393 1116 2422 ab
1147 2392 1195 2421 his
1223 2390 1383 2420 diversum
1416 2398 1548 2418 sensum
1576 2387 1766 2427 adnotavit,
1805 2396 1843 2416 se
1877 2395 1946 2416 cum
1975 2385 2027 2415 illo

238 2471 342 2501 neque
369 2462 398 2490 in
426 2461 607 2490 incursione
634 2459 740 2488 hostili
767 2466 867 2496 neque
883 2459 915 2486 in
930 2456 1041 2485 itinere
1059 2458 1290 2484 conventurum
1311 2461 1398 2492 esse,
1427 2451 1498 2480 dum
1525 2450 1629 2480 odium
1654 2454 1797 2480 mutuum
1824 2448 1970 2478 foventes
1997 2447 2028 2477 in

237 2534 299 2554 uno
316 2529 370 2554 aut
386 2525 487 2553 altero
507 2522 662 2552 interdum
689 2523 869 2550 occurrant.
896 2519 1022 2548 Sensus
1051 2512 1361 2554 autem'explicandi
1388 2524 1488 2545 causa
1517 2522 1635 2543 versus
1662 2515 1836 2551 sequentes
1863 2509 2028 2540 adnotavit

236 2585 344 2631 (metr.
372 2585 534 2628 'l‘liawil):
573 2586 623 2615 Et
651 2584 764 2615 dixit
791 2592 859 2621 ea,
894 2589 1009 2620 quum
1035 2579 1083 2609 ad
1111 2577 1443 2618 procumbendum
1476 2576 1588 2617 apud
1624 2577 1721 2606 eius
1756 2577 1925 2614 portam
1951 2582 2024 2604 cn-
