2247 2865
975 80 1245 111 —633-

185 182 269 212 ferre
296 182 396 220 solet3
423 186 494 213 sunt
523 181 619 222 igitur
649 180 808 218 mulieres,
836 189 966 219 quarum
994 180 1094 211 mariti
1123 180 1238 221 filiique
1264 181 1293 211 in
1320 182 1437 222 pugnis
1466 182 1523 212 iam
1562 184 1660 213 occisi
1698 190 1782 215 sunt.
1842 186 1963 218 Talium

185 245 267 275 filios
295 251 456 276 restantes
483 245 676 275 fortissimos
704 253 792 282 esso,
820 243 963 273 dubitare
991 253 1052 273 non
1080 244 1173 282 licet,
1202 244 1308 284 quippi
1336 244 1388 274 filii
1415 248 1467 274 nut
1495 244 1611 275 fratres
1639 246 1883 279 fortissimorum
1913 250 1964 280 vi·

185 317 289 338 rorum
304 308 377 348 sint,
392 316 522 346 quorum
538 305 688 336 fortitudo
704 305 878 346 impedivit,
894 307 1059 345 quominus
1073 307 1158 337 sicut
1173 307 1224 337 alii
1240 307 1466 338 occiderentur.
1495 309 1567 339 Vox
1579 307 1666 346 „lxxta
1679 320 1734 349 pro
1743 310 1890 352 3.szoe
1901 319 1961 343 est.

183 416 216 445 3.
240 416 284 446 ΕΙ
306 418 336 445 εἰ
356 417 458 452 opinio
479 425 547 444 mea
570 424 670 443 teras
691 418 745 447 est,
771 412 824 454 (ef
844 425 881 444 ea
904 416 941 444 de
963 416 1045 444 robis
1068 426 1143 453 eryu
1167 427 1214 445 me
1235 427 1335 446 veras
1358 422 1407 446 est
1428 422 1458 447 e!
1478 420 1515 447 de
1529 420 1698 456 prudentia
1718 426 1819 450 restra
1842 422 1964 464 parra)

306 485 366 515 nis
392 484 521 524 verbis,
549 493 630 523 quae
657 493 725 514 cum
753 489 909 524 sequente
935 494 1034 514 versu
1062 485 1253 526 cohaerent,
1281 492 1313 516 et
1341 487 1578 518 adhortationes
1608 494 1640 519 et
1663 490 1763 520 minae
1790 494 1906 522 insunt.
1936 495 1964 523 A

185 550 238 580 via
264 548 380 590 agendi
409 548 496 588 inita,
524 557 605 587 quae
633 548 818 577 necessario
846 547 885 576 ad
914 547 1028 576 bellum
1056 552 1148 577 atrox
1173 548 1306 578 ductura
1333 551 1383 587 sit,
1411 559 1466 581 eos
1494 550 1657 582 deterrere
1678 555 1758 594 vult,
1784 555 1843 585 sed
1864 556 1964 597 timet,

185 617 218 643 ut
245 611 408 651 recedant,
437 620 531 650 quum
560 610 725 649 prudentia
750 619 857 640 eorum
884 610 1002 650 exigua
1029 610 1079 640 sit.
1123 610 1284 648 Loquendi
1311 611 1432 651 modus,
1460 621 1520 650 quo
1548 623 1664 643 versus
1692 615 1812 655 incipit,
1841 616 1965 648 seminis

184 673 310 714 propria
345 683 421 703 esse
459 673 604 713 videtur,
639 682 706 702 nam
735 673 828 702 llam.
856 682 885 712 p.
914 674 972 703 ΡΜ
1001 673 1029 702 iu
1057 672 1180 702 duobus
1206 672 1341 703 feminae
1368 674 1518 704 versibus
1547 677 1695 706 occurrit.
1749 678 1822 708 Vox
1844 683 1909 723 5220
1935 680 1966 711 in

184 738 273 766 vasis
302 736 413 766 vacuis
440 735 576 765 maxime
603 734 769 764 adhibetur
797 740 828 764 et
857 734 1094 775 Abu-llilalus,
1133 745 1170 764 se
1198 745 1307 765 vocem
1335 745 1404 766 cum
1432 746 1515 767 voce
1541 736 1634 774 stt>
1658 741 1856 772 coniunctam
1884 753 1964 773 non-

184 798 246 828 nisi
273 801 304 829 in
331 798 390 829 hoc
416 807 514 827 versu
543 798 717 826 invenisse‘
734 797 820 827 dixit.
863 798 1061 828 Consuetum
1089 798 1236 838 loquendi
1261 808 1377 828 morem
1405 809 1491 840 esse,
1519 800 1623 831 dicere
1642 802 1808 851 &4quss
1837 808 1965 845 »procul

185 861 285 892 abfuit
312 862 381 891 eius
408 860 596 901 prudentia«
627 865 659 890 et
688 858 773 890 rso-l>
799 861 878 892 »Διὸ
908 861 1009 891 »levis
1036 861 1093 891 fuit
1120 862 1187 891 eius
1215 861 1413 900 prudentia«.

186 972 220 1000 4.
242 970 387 1000 Lam-eae
408 974 535 999 nostrae
556 972 588 998 in
613 980 666 999 ros
689 972 799 999 ilerum
824 973 919 1007 oyen!
938 971 1044 1007 mode,
1069 980 1128 1008 quo
1149 972 1350 1000 mactandum
1373 973 1493 1002 animal
1512 977 1669 1005 tractatur
1690 981 1720 1005 et
1736 979 1861 1016 fraclae
1883 979 1967 1006 ieco-

911 1025 997 1052 ribus
1020 1024 1241 1055 adhaerebunt.

286 1093 393 1123 versu
420 1093 606 1133 propositio,
636 1102 716 1132 quae
744 1092 952 1122 conditionem
972 1091 1029 1122 ιιι-(ι’
1045 1094 1085 1138 Ol
1111 1101 1273 1134 sequatur,
1298 1106 1436 1127 necesse
1463 1104 1524 1137 est,
1551 1101 1741 1131 continetur.
1794 1102 1852 1142 Ea,
1879 1104 1969 1142 quasi

189 1165 241 1186 res
268 1155 433 1195 praeteriti
461 1157 630 1194 temporis,
667 1156 778 1195 quibus
812 1155 933 1185 adflicti
960 1162 1090 1197 essent,
1123 1157 1312 1199 recordans,
1346 1159 1385 1188 iis
1413 1160 1542 1190 easdem
1570 1171 1623 1191 res
1650 1163 1763 1192 iterun]
1790 1163 1969 1193 accidentes

188 1219 361 1258 praesagit.
414 1216 480 1247 Sed
509 1223 541 1247 ut
567 1217 699 1255 indicet,
734 1227 791 1248 eos
819 1218 973 1247 resistere
1000 1228 1061 1248 non
1089 1229 1209 1258 posse,
1250 1230 1319 1251 cum
1348 1222 1474 1252 animali
1510 1223 1548 1252 ad
1582 1225 1779 1255 mactandum
1812 1225 1970 1256 destinato

190 1289 247 1310 eos
275 1279 406 1310 confert.
458 1280 532 1309 Vox
555 1291 635 1325 fl?
664 1280 798 1310 maxime
827 1281 856 1309 in
892 1281 1020 1310 camelis
1056 1282 1232 1313 adhibetur.
1285 1284 1352 1314 Sed
1386 1285 1447 1315 ista
1481 1287 1683 1325 comparandi
1719 1288 1798 1317 ratio
1830 1297 1892 1317 non
1929 1298 1969 1318 ex

191 1343 271 1373 omni
298 1348 388 1383 parte
413 1347 558 1381 tanquam
587 1346 658 1381 apta
687 1342 761 1372 mihi
790 1343 916 1381 placet,
951 1352 1046 1382 quum
1082 1345 1112 1373 in
1147 1346 1276 1376 camelis
1305 1348 1480 1378 mactandis
1507 1349 1635 1379 lanceas
1657 1360 1719 1380 non
1745 1351 1912 1382 adhibeant
1938 1358 1971 1382 et

191 1405 304 1435 modus
338 1404 501 1435 occidendi
536 1404 686 1435 diversus
725 1405 777 1434 sit.
840 1405 875 1434 ln
912 1406 1089 1444 posteriore
1124 1412 1213 1446 parte
1253 1408 1375 1438 modum
1411 1410 1571 1440 occidendi
1606 1412 1635 1441 in
1670 1413 1778 1453 pugna
1809 1413 1970 1443 describit.

191 1470 341 1500 Lanceae
369 1469 475 1498 iecora
501 1469 726 1506 confoderunt,
762 1473 794 1498 et
829 1474 862 1498 ut
889 1469 1003 1498 vulnus
1031 1469 1148 1499 lethale
1176 1479 1252 1499 esse
1278 1470 1413 1511 indicet,
1448 1470 1550 1512 addit,
1579 1471 1706 1502 lanceas
1733 1473 1885 1503 iecoribus
1913 1473 1972 1503 ad-

191 1530 324 1561 haerere
351 1537 383 1560 et
410 1531 528 1561 fractas
555 1540 648 1570 esse,
683 1534 715 1560 ut
742 1540 759 1559 e
786 1530 919 1559 vulnere
955 1531 1079 1560 extrahi
1115 1540 1177 1560 non
1214 1533 1349 1570 possint.
1411 1533 1484 1563 vox
1512 1539 1629 1578 Oxo-ua,
1664 1538 1726 1564 tam
1762 1544 1834 1565 cum
1867 1535 1973 1565 vocali

191 1594 287 1624 activi
314 1603 405 1633 qnam
432 1593 555 1632 passivi
582 1592 781 1631 pronunciari
811 1596 927 1630 potest.
980 1591 1016 1621 Si
1042 1593 1142 1622 activi
1169 1593 1291 1623 vocalis
1325 1595 1570 1633 pronunciatur,
1607 1596 1868 1634 prehendent
1894 1606 1972 1626 ver-

192 1655 331 1694 tendum,
359 1659 408 1686 sin
438 1655 562 1694 passivi
587 1664 605 1684 a
615 1654 632 1684 d
643 1654 670 1684 si
680 1664 701 1684 x
710 1664 728 1684 a
737 1664 755 1684 e
784 1663 801 1683 e
812 1664 826 1683 r
839 1664 858 1684 u
869 1663 889 1683 n
898 1658 921 1683 t.

996 1748 1201 1783 CCLH'.

707 1812 846 1848 nixit
869 1814 1106 1856 omalialn
1129 1816 1167 1849 b.
1192 1816 1472 1853 Abi-l’zalt.

295 1888 426 1917 Poetam
456 1887 709 1917 Christianorum
736 1885 986 1925 Iudaeorumque
1012 1887 1129 1926 scripta
1154 1888 1290 1930 legisse,
1318 1890 1402 1929 apud
1429 1891 1618 1922 Abulfedam
1645 1893 1680 1922 T.
1708 1894 1730 1922 1.
1758 1903 1787 1933 p.
1815 1893 1872 1923 88.
1899 1903 1975 1924 nar-

195 1954 298 1980 ratum
324 1949 514 1979 invenimus.
567 1948 601 1976 ln
628 1948 740 1986 quibus
766 1957 950 1986 quamquam
978 1948 1076 1988 legati
1103 1950 1161 1979 Dei
1191 1950 1362 1981 adventum
1389 1955 1580 1991 promissum
1608 1964 1683 1983 esse
1709 1954 1847 1992 videbat,
1874 1960 1975 1985 tamen

194 2011 302 2042 nvidia
339 2015 514 2042 commotus
556 2014 588 2038 et
616 2008 716 2048 legati
744 2014 853 2048 partes
882 2009 941 2038 sibi
966 2008 1146 2048 deposcens
1173 2013 1389 2044 Mohammedi
1415 2015 1607 2046 adversatus
1637 2023 1689 2048 est
1718 2018 1823 2048 conf.
1850 2027 1974 2057 quoque

194 2076 302 2105 librum
329 2069 439 2104 εἰμιὸῐ
467 2065 593 2110 „ast-'⁸4³‘
622 2080 650 2109 p.
680 2069 743 2101 uf.
797 2070 858 2100 Alii
885 2070 1153 2114 Ahbd-Alahlae,
1190 2074 1240 2104 alii
1267 2075 1535 2107 Abu-rAhbbaso
1563 2087 1673 2108 caeco-
1684 2088 1802 2109 versus
1828 2079 1973 2108 tribuere.

197 2136 434 2168 Abu-Ililalus
461 2134 559 2173 dixit,
597 2132 838 2174 grammaticum
867 2132 1198 2165 Abu-Ohbaidahum
1225 2147 1327 2177 agens
1355 2138 1393 2168 de
1419 2139 1698 2180 inobsequentibus
1725 2150 1801 2180 erga
1826 2145 1975 2179 parentes

196 2207 230 2230 et
257 2199 316 2239 piis
342 2206 459 2227 versus
486 2196 653 2226 adtulisse.
706 2196 791 2225 Ante
819 2195 877 2225 hos
906 2205 1022 2226 versus
1051 2198 1082 2227 in
1101 2199 1259 2229 Mersukii
1278 2199 1384 2230 codice
1402 2201 1553 2232 Malibadi
1572 2212 1703 2242 versus,
1730 2203 1780 2241 qui
1807 2203 1837 2231 in
1864 2206 1974 2231 nostro

196 2261 307 2292 codice
332 2269 362 2299 p.
389 2256 432 2288 Μ’
459 2263 561 2295 erant,
589 2258 689 2287 locum
717 2257 842 2288 habeut.

197 2358 226 2387 1.
251 2356 355 2394 Quum
377 2358 473 2384 natm
495 2363 591 2387 esses,
617 2356 646 2381 le
668 2353 735 2382 alui
754 2357 785 2382 el
805 2354 1033 2384 adolescentem
1057 2359 1086 2384 te
1107 2360 1232 2392 nutriri,
1259 2359 1331 2388 dum
1353 2369 1396 2395 eo,
1423 2360 1505 2398 quod
1525 2360 1579 2387 libi
1596 2360 1811 2396 porrigebam,
1836 2369 1901 2389 una
1925 2361 1974 2390 al-

879 2412 1008 2447 teraque
1029 2412 1096 2438 tice
1117 2412 1284 2448 riqaharie.

296 2478 395 2509 Poeta
421 2476 518 2506 filium
548 2474 726 2514 alloquitur,
754 2474 859 2505 dicens
886 2486 922 2506 se
949 2487 1022 2508 eum
1048 2488 1163 2510 recens
1190 2486 1297 2512 natum
1326 2481 1444 2511 aluisse
1469 2484 1500 2510 et
1524 2490 1648 2510 summa
1671 2490 1741 2511 cum
1769 2491 1844 2512 cura
1863 2482 1974 2513 adole-

196 2545 341 2571 scentem
367 2540 541 2572 nutrivisse
618 2536 691 2566 Vox
726 2535 788 2573 bulg
814 2542 914 2570 statui
939 2542 1054 2573 obiecti
1081 2543 1170 2573 verbi
1195 2541 1289 2572 0522:
1315 2541 1502 2582 explicando
1537 2541 1683 2571 inservit.
1746 2542 1907 2574 Infantiam
1942 2550 1974 2574 et

1680 2604 1726 2635 80
