2247 2865
1003 84 1270 115 -208—

244 188 340 217 rectis
367 195 442 216 esse
470 186 611 225 phrasin,
639 194 720 224 quae
747 184 838 214 vocis
866 183 906 213 535
933 184 1062 224 phrasin
1089 188 1341 224 consequentem
1369 181 1498 223 efficiat,
1527 183 1618 222 quasi
1645 183 1692 212 sic
1718 183 1851 214 dixerit:
1908 185 2036 224 »Quum

244 257 356 279 vanum
382 252 492 277 contra
519 256 568 276 me
596 255 657 275 non
684 246 823 286 profers,
851 255 908 286 per
933 245 1033 275 vitam
1062 240 1167 276 tuam!
1195 245 1368 285 ignominia
1394 254 1456 274 non
1483 245 1626 286 adficior7
1652 245 1904 287 quotiescunque
1931 257 2036 288 genus

243 319 344 340 meum
371 318 561 339 memoras«
592 309 667 338 Vox
694 304 762 344 &529
787 312 934 346 tanquam
961 307 1119 347 objectum
1144 308 1237 337 vocis
1266 307 1326 344 &53
1352 307 1529 338 accusativi
1563 316 1671 338 casum
1701 307 1853 348 obtinuit,
1890 309 2038 348 quoniam

243 377 319 411 post
345 381 459 401 vocem
488 370 614 401 dicendi
641 370 776 409 phrases
800 369 1000 410 referuntur3
1028 374 1095 400 tum
1123 376 1230 401 autem
1255 372 1287 401 in
1314 381 1421 402 earum
1449 372 1540 411 loca3
1567 381 1630 402 non
1650 377 1758 402 autem
1785 372 1815 402 in
1840 381 1943 402 voces
1975 372 2039 402 vim

243 435 480 475 grammaticam
508 437 640 462 exercet
667 436 700 461 et
728 436 802 471 post
828 431 858 461 id
887 428 1030 475 (dicere)
1055 440 1122 462 vox
1149 437 1299 472 separata
1340 433 1503 474 occurrit,
1539 443 1634 474 quum
1669 433 1796 473 phrasis
1832 441 1945 464 sensus
1983 442 2040 463 ae-

245 494 383 525 cusativi
410 503 517 524 casum
545 494 583 523 ab
613 502 652 522 eo
679 497 802 522 rectum
829 492 926 522 habet
940 489 976 535 1).

244 593 276 621 2.
299 590 365 621 Sed
384 591 555 628 iqnomim'a
575 590 621 618 cir
642 591 748 626 potius
770 590 926 628 adficitur,
952 591 1045 619 cuius
1064 590 1205 627 podicem
1229 591 1360 620 lanceae
1377 592 1485 629 yemis
1508 600 1586 623 suae
1609 592 1790 629 vulnerant,
1814 601 1910 630 quum
1927 592 2042 620 hastae

1067 645 1225 675 decidunt,

344 696 583 745 Hisce'verbis
614 713 733 745 factum
763 712 834 742 eius
863 713 1005 752 respicit⁷
1032 723 1166 753 quocum
1194 715 1223 745 ei
1260 723 1313 744 res
1350 719 1412 744 est.
1474 715 1586 745 Virum
1622 715 1794 757 ignominia
1829 716 1923 747 adfici
1957 717 2041 753 dicit,

245 778 298 818 qui
323 777 435 818 fugam
461 776 594 816 capiens
621 776 652 805 in
680 785 789 817 pugna
822 785 895 806 cuin
932 777 1130 815 patruelibus
1169 778 1239 808 suis
1277 779 1310 807 in
1349 781 1442 819 tergo
1483 778 1682 809 vulneretur.
1748 779 1782 808 ln
1823 779 1936 819 podice
1969 789 2042 809 eum

244 841 448 871 vulneratum
475 849 551 869 esse
579 838 656 868 dicit
681 847 749 868 rem
776 843 903 878 turpem
927 839 996 868 loco
1024 839 1107 879 turpi
1134 840 1387 881 significaturus.
1431 840 1522 871 Voce
1548 842 1619 881 κερ·
1645 841 1744 883 (gens
1772 842 1850 881 sua)
1877 842 2042 881 patrueles

244 902 404 942 designat.
457 901 609 931 Lanceae
637 904 754 940 autem,
783 909 878 939 quum
903 900 941 930 ad
969 900 1213 932 confodiendum
1242 903 1470 945 dirigebantur,
1497 903 1617 935 demitti
1644 905 1805 944 solebant,
1833 905 1965 935 ethaeo
1992 910 2044 935 est

246 974 356 1005 causa,
381 973 436 994 cur
461 973 576 993 vocem
606 960 696 1004 &932³
724 960 797 1006 (pro
825 960 928 1008 (γι-,3)
955 961 1192 1007 (deciderunt),
1227 965 1413 996 adhibuerit.
1475 967 1627 997 Scholion
1654 967 1749 1008 dicit,
1787 972 1919 1009 gentem
1951 977 2044 998 suam

248 1037 318 1058 cuni
345 1036 383 1057 eo
410 1035 576 1067 pugnasse
603 1025 643 1054 ob
683 1024 812 1063 odium,
851 1025 935 1064 quod
962 1031 1072 1056 contra
1099 1027 1184 1057 illam
1211 1027 1362 1070 foveret,
1401 1038 1483 1068 quae
1509 1039 1562 1060 res
1590 1029 1661 1060 sola
1688 1030 1727 1060 ad
1755 1030 1956 1071 ignominiam
1984 1029 2045 1069 ipsi

248 1088 444 1119 inferendam
471 1087 642 1118 suffecerit.

248 1187 280 1215 3.
304 1185 343 1215 Se·
363 1195 420 1215 nos
443 1187 510 1214 odio
534 1188 567 1214 in
587 1187 766 1223 pectoribus
788 1186 945 1215 recondito
968 1185 1089 1216 habetis
1111 1184 1194 1226 (hoc
1217 1190 1331 1218 mirum
1354 1198 1417 1219 non
1438 1188 1529 1230 930,-
1559 1192 1643 1230 quod
1663 1188 1782 1231 (mares
1804 1189 1951 1232 vestras)
1974 1201 2045 1221 am-

825 1242 1010 1278 putavimus
1032 1243 1064 1269 et
1084 1250 1136 1269 vos
1159 1243 1245 1280 ipsos
1264 1243 1470 1272 vendidimus.

332 1311 448 1340 Mirum
464 1319 526 1339 non
546 1314 607 1351 est,
624 1310 709 1350 quod
723 1319 783 1339 nos
801 1309 926 1348 odistis,
943 1319 1013 1339 nam
1026 1319 1087 1340 vos
1105 1310 1241 1341 vicimus
1257 1316 1290 1342 et
1306 1312 1478 1353 ignominia
1497 1314 1684 1346 adfecImus.
1712 1315 1821 1345 Verba
1840 1312 2005 1358 Anemo
2019 1314 2047 1353 3

250 1383 319 1404 cuni
346 1373 396 1413 iis7
424 1382 505 1412 quae
532 1383 604 1403 cum
640 1372 679 1402 iis
718 1372 939 1413 coniungenda
972 1370 1087 1412 sunt‘J)
1128 1374 1232 1404 locum
1271 1374 1423 1407 adiectivi
1459 1377 1550 1407 vocis
1575 1381 1660 1416 &miei
1691 1383 1810 1409 tenent.
1863 1379 1944 1410 Post
1969 1381 2048 1411 haec

251 1436 348 1466 verba
380 1436 505 1475 phrasis
543 1444 745 1474 consequens
785 1437 833 1471 2245
862 1433 1007 1474 „45:255
1047 1441 1102 1466 aut
1141 1437 1244 1467 simile
1279 1438 1353 1477 quid
1387 1440 1541 1470 omissum
1581 1447 1641 1471 est.
1693 1442 1767 1472 Vox
1802 1446 1887 1480 ’σίωρ
1925 1445 2051 1484 proprie

251 1495 376 1528 modum
405 1499 555 1539 designat
582 1502 615 1528 et
642 1507 712 1528 cum
740 1497 949 1528 antecedente
976 1498 1076 1528 verbo
1104 1503 1252 1538 tanquam
1283 1501 1439 1532 obiectum
1463 1503 1643 1534 absolutum
1672 1501 1789 1552 (θέω
1816 1502 1910 1546 Qum
1937 1506 2047 1537 Gram.

254 1561 310 1592 Ar.
337 1561 374 1591 Τ.
402 1561 430 1589 11
469 1570 498 1599 p.
534 1559 633 1598 113.)
663 1560 832 1589 coniuncta
859 1565 920 1589 est.
965 1559 1184 1598 Sequentibus
1209 1567 1316 1592 autem
1345 1563 1452 1593 verbis
1482 1559 1525 1592 uls
1550 1569 1611 1594 etc.
1640 1565 1701 1595 odii
1727 1576 1823 1596 causa
1850 1567 2047 1598 describitur.

254 1623 287 1651 ln
315 1622 402 1652 hisce
430 1623 520 1661 plura
547 1622 668 1651 omissa
696 1627 781 1652 sunt.
836 1623 945 1652 Verbo
975 1620 1103 1661 [ἀει-λῷ,
1120 1623 1210 1652 cuius
1239 1623 1394 1656 obiectum
1421 1629 1477 1655 aut
1495 1624 1589 1670 0ἱόδῖ
1616 1637 1744 1658 aures
1773 1632 1827 1658 aut
1852 1624 1955 1670 ijb'l
1983 1640 2050 1660 na-

253 1694 323 1714 sos
351 1685 456 1725 deest,
484 1686 618 1716 alterum
635 1687 768 1716 verbum
795 1684 916 1732 filimi
943 1688 1142 1727 captivos
1169 1698 1244 1718 vos
1272 1689 1451 1720 fecimus
1479 1690 1676 1720 antecedens
1705 1692 1839 1732 cogitari
1861 1693 1968 1734 debet,
1984 1698 2050 1723 tum

253 1747 386 1777 verbum
419 1746 501 1791 &3522
531 1749 653 1778 obiecto
684 1749 805 1779 suffixo
832 1748 898 1786 „5
926 1756 1025 1780 caret.
1071 1751 1179 1781 Verbo
1206 1754 1295 1795 4553,
1324 1755 1374 1782 cui
1402 1753 1568 1783 emendi
1595 1754 1786 1794 significatio
1813 1755 1961 1795 frequens
1988 1762 2051 1795 est,

254 1810 461 1840 vendendi
500 1811 690 1852 significatio
728 1812 894 1842 tribuenda
933 1817 997 1854 est,
1037 1814 1159 1852 (conf.
1194 1814 1312 1845 Coran.
1339 1815 1414 1845 Sur.
1443 1815 1477 1855 2,
1507 1814 1608 1855 203.)
1648 1821 1682 1846 ut
1709 1817 1739 1846 in
1766 1819 1867 1848 verbo
1905 1819 1972 1868 fik),
2001 1822 2052 1850 cui

256 1872 416 1902 vendendi
442 1873 636 1914 significatio
664 1875 791 1914 propria
818 1880 879 1913 est,
909 1877 1032 1906 emendi
1059 1877 1230 1907 invenitur.
1272 1878 1323 1907 Ex
1350 1878 1449 1907 verbo
1480 1876 1595 1913 linem?-
1623 1877 1897 1923 (amputavimus)
1937 1879 2052 1924 (nasos

255 1941 311 1964 aut
338 1937 451 1976 aures)
480 1933 513 1979 (c
526 1937 603 1966 ons.
631 1947 662 1976 p.
690 1940 726 1967 ῖ·ν
755 1948 787 1967 v.
815 1934 865 1981 3.)
893 1939 984 1978 sequi
1010 1939 1150 1980 videtur,
1176 1939 1303 1969 Arabes
1331 1944 1406 1978 post
1434 1949 1574 1980 pugnam
1602 1940 1739 1979 captivis
1767 1942 1934 1981 nonnullis,
1971 1953 2052 1983 quos

256 2002 406 2037 tanquam
433 2007 550 2029 servos
576 1999 766 2040 venderent,
792 2000 984 2041 ignominiae
1012 2011 1111 2032 causa
1137 2005 1192 2032 aut
1217 2011 1316 2032 nasos
1345 2007 1400 2032 aut
1427 2011 1523 2032 aures
1551 2008 1747 2042 amputasse.
1784 2004 1934 2043 Captivis
1962 2007 2052 2036 cele-

256 2058 363 2089 bribus
389 2061 580 2099 praesertim
608 2061 755 2092 libertate
782 2062 899 2093 donata
934 2073 992 2103 pro
1019 2063 1201 2094 testimonio
1232 2065 1391 2095 victoriae
1428 2074 1502 2105 pars
1539 2065 1672 2096 crinium
1710 2067 1904 2097 anteriorum
1938 2077 2053 2107 ampu-

258 2121 391 2151 tabatur.
419 2121 525 2151 conf.
552 2123 647 2153 Ham.
673 2133 703 2162 p.
733 2125 789 2162 tot,
818 2125 870 2154 ffl‘t
899 2125 918 2154 l.
950 2125 1004 2155 15.
1057 2125 1179 2156 Meid.
1208 2126 1246 2157 C.
1272 2126 1427 2167 13,116.
1455 2127 1607 2158 Scholion
1634 2128 1741 2159 verbis
1768 2126 1905 2174 §spi->wo
1923 2127 1950 2167 g
1976 2139 2054 2160 sen-

257 2192 329 2212 sum
359 2183 479 2225 tribuit,
506 2193 564 2214 eos
591 2185 695 2216 odium
722 2186 835 2217 timore
862 2186 1018 2218 adductos
1044 2188 1075 2218 in
1101 2193 1234 2228 pectore
1261 2189 1453 2220 occultasse.

276 2287 304 2316 l)
324 2287 364 2311 De
381 2288 490 2318 Sacyus
509 2290 543 2312 ad
561 2296 617 2314 rem
636 2291 820 2321 explicandam
839 2294 906 2318 haec
924 2295 1069 2325 exemplari
1087 2303 1137 2320 suo
1157 2295 1300 2326 adscripsit
1319 2295 1334 2319 i.
1354 2302 1378 2320 e.
1407 2295 1477 2326 Quia
1495 2299 1555 2326 post
1574 2296 1684 2319 verbum
1704 2287 1744 2325 S&
1764 2297 1890 2320 inducere
1908 2296 1972 2320 licet
1992 2303 2054 2320 ser-

325 2344 418 2362 mones
437 2341 526 2363 rectos
544 2340 637 2365 iisdem
658 2342 755 2373 verbis,
773 2343 868 2373 quibus
887 2350 903 2368 a
922 2345 1026 2369 dicente
1044 2347 1144 2376 prolati
1163 2350 1225 2371 sunt
1243 2354 1268 2371 e.
1287 2354 1313 2378 g.
1333 2347 1400 2370 dixi:
1419 2347 1542 2370 Saidus
1564 2353 1611 2370 me
1629 2353 1688 2371 occ
1700 2346 1776 2377 idit,
1796 2351 1903 2377 tumque
1921 2347 1973 2371 hoe
1992 2353 2057 2372 ver-

326 2385 386 2408 bum
406 2385 432 2408 iu
450 2386 499 2409 hos
517 2392 665 2419 sermones,
684 2391 816 2418 quatenus
836 2390 1024 2421 proferuntur,
1043 2392 1144 2416 nullam
1165 2392 1296 2416 actionem
1316 2395 1438 2422 exercet,
1457 2392 1514 2423 agit
1533 2391 1717 2416 tantummodo
1743 2395 1866 2421 respectu
1886 2391 1960 2422 loci,
1979 2398 2057 2422 quem

325 2442 458 2469 occupant
477 2440 492 2465 i.
511 2445 535 2463 e.
563 2443 666 2471 textus,
685 2442 746 2472 quia
764 2442 853 2467 locum
882 2444 1006 2474 (obiecti)
1033 2449 1062 2477 ἄρ
1091 2437 1187 2482 &jain
1213 2450 1362 2476 occupant3
1381 2445 1425 2470 ubi
1446 2453 1509 2470 vero
1529 2451 1588 2477 post
1610 2446 1718 2470 verbum
1736 2451 1789 2470 non
1809 2445 1974 2475 propositio;
2009 2447 2057 2470 sed

327 2495 389 2518 pars
409 2493 511 2514 tantum
530 2491 720 2520 propositionis
739 2493 838 2525 incidit,
857 2494 882 2518 in
901 2494 1059 2518 accusativo
1079 2494 1187 2525 ponitur
1205 2499 1253 2519 etc.

279 2547 307 2570 2¹
330 2547 419 2572 Dicere
439 2549 508 2579 vult,
529 2549 686 2575 atliectivum
706 2544 815 2596 issimi)
837 2556 884 2577 aut
902 2553 957 2577 tale
976 2551 1035 2584 quid
1055 2550 1272 2582 coniungeuduni
1293 2555 1361 2574 esse.
