2247 2865
982 83 1248 115 -att—

220 189 252 218 2.
280 188 405 218 rorensis
427 187 574 217 crtm'lmae
591 186 755 224 praeditus
785 182 941 221 celerique
966 183 1064 220 pede;
1089 184 1152 211 iam
1181 190 1234 210 eos
1263 177 1443 220 (camelos)
1473 189 1540 210 noa·
1564 187 1813 220 congregaverat
1839 185 1905 212 viro
1930 193 2009 220 pro-

947 238 1086 274 pellenti,
1109 238 1285 275 frangenti.

319 311 420 350 Quam
450 310 594 349 corporis
624 312 776 340 staturam
802 307 1043 346 cornparatione
1070 307 1211 337 instituta
1235 305 1377 345 generali
1398 304 1491 335 modo
1511 304 1720 342 indicaverat,
1747 314 1814 335 eam
1831 305 1891 335 hoc
1909 315 2008 336 versu

218 374 394 404 accuratius
422 371 580 402 describit.
632 369 766 400 Torosis
793 369 938 398 cruribus
966 378 1034 399 euin
1061 369 1237 408 praeditum
1274 369 1347 398 dicit
1382 368 1590 409 indicaturus,
1626 368 1653 398 ei
1690 368 1781 398 robur
1808 371 1839 398 in
1872 368 2008 408 pedibus

217 445 304 477 esse,
334 440 369 465 ut
394 433 445 465 diu
471 439 504 464 et
529 432 678 463 celeriter
704 431 834 461 deserta
861 441 1033 472 peragrare
1061 432 1174 469 possit.
1213 431 1332 461 Pedum
1361 431 1510 462 celeritas
1538 435 1573 461 ut
1593 431 1677 470 apud
1693 430 1840 462 Graecos
1856 436 2001 471 veteres,

216 500 263 530 sie
290 497 370 538 apud
399 496 524 526 Arabes
556 495 639 525 laudi
667 501 734 524 erat
765 500 798 525 et
824 495 852 523 in
880 494 1007 524 Solaico
1035 493 1063 522 b.
1093 493 1247 524 Alsolaca
1283 500 1312 522 et
1351 492 1531 523 Schansara
1564 498 1653 523 tanta
1690 493 1933 531 inveniebatur,
1975 499 2010 523 ut

217 562 246 591 in
283 559 484 600 proverbium
519 559 644 589 veniret
679 557 784 589 cons.
813 556 913 587 Meid.
942 557 978 587 C.
1011 556 1065 597 18,
1096 555 1177 586 230.
1208 556 1290 586 2:31.
1350 557 1459 586 Voces
1486 553 1593 588 ,ccxiiii
1619 553 1722 596 eal-’¹²⁵’
1748 555 2009 586 antecedentibus

213 619 390 661 explicandi
419 629 513 650 causa
541 620 708 660 adpositae
741 624 827 649 sunt.
886 619 1087 648 Scltoliastes
1120 618 1195 648 voci
1223 617 1321 670 &kizss
1348 619 1463 648 celeris
1499 624 1532 648 et
1568 618 1700 649 firmiter
1735 616 1934 655 incedentia,
1973 620 2009 648 ut

211 692 309 714 sonus
335 683 492 724 audiatur>
521 682 791 723 significationem
820 681 939 711 tribuit.
991 681 1115 711 Arabes
1143 686 1249 711 autem
1278 691 1371 720 quum
1398 681 1479 711 bene
1506 690 1599 711 mane
1624 681 1655 711 in
1683 685 1831 722 gentem,
1866 684 1900 711 ut
1924 679 2008 710 haud

211 746 408 786 praeparatis
439 745 698 785 supervenirent,
727 745 932 782 incurrerent,
961 748 1056 782 poeta
1084 744 1113 773 in
1140 745 1243 783 priore
1270 753 1369 774 versu
1385 755 1435 787 με
1452 743 1571 777 λόίχὶῐ
1595 748 1629 773 et
1656 743 1688 772 in
1715 742 1777 772 hoc
1789 738 1867 780 ΜΗ
1884 739 1942 782 [423
1959 742 2008 771 0⁴3

214 818 292 838 neos
317 818 379 838 nox
403 811 707 848 congregaveram:
747 807 858 836 cameli
893 806 972 835 enini
1007 807 1112 835 noctis
1150 811 1294 845 tempore
1329 806 1358 835 in
1388 815 1482 836 unum
1511 806 1610 835 locum
1643 805 1854 846 cogebantur.
1906 804 2004 834 Nocti

209 877 316 902 autem
345 880 410 909 res,
438 879 519 910 quae
546 870 576 900 in
604 880 642 899 ea
670 869 716 907 fit,
746 869 863 899 tributa
894 873 956 900 est.
1000 869 1033 898 ln
1061 867 1296 898 Amru-l‘Kaisi
1324 868 1487 898 Moallaka
1506 878 1538 897 v.
1560 868 1616 898 43.
1636 867 1722 898 nocti
1750 871 1898 905 tanquam
1928 875 2006 905 per-

209 943 308 963 sonne
337 933 458 963 {unibus
486 932 623 962 tributus
651 937 710 962 est.
766 932 860 961 Hunc
888 940 967 961 vero
995 931 1143 960 iuvenem
1170 931 1346 970 appellavit
1383 937 1479 970 poeta
1514 931 1767 971 propellentem,
1805 929 2005 969 frangentem

208 993 290 1040 9:³²>
313 993 406 1036 05⁸,ae
433 995 452 1026 i.
481 1005 509 1024 e.
538 994 646 1034 talem,
675 994 725 1033 qui
753 995 893 1024 camelos
920 994 1068 1024 hostibus
1096 999 1227 1034 ereptos
1255 1004 1376 1024 Summa
1396 994 1646 1024 ‹tuniceleritate
1664 993 1774 1034 abigit,
1807 1001 1867 1021 non
1889 1001 2005 1021 curans

207 1058 277 1098 quid
307 1067 412 1088 noxae
440 1067 482 1086 ex
509 1057 572 1086 ista
597 1057 765 1086 celeritate
803 1057 932 1086 camelis
967 1056 1114 1087 accidere
1148 1056 1261 1096 possit.
1315 1055 1382 1085 Sed
1421 1055 1462 1085 ad
1499 1064 1613 1085 nomen
1647 1054 1826 1085 Alkothami
1861 1052 2004 1084 sortasse

205 1120 340 1161 respicit
367 1119 450 1151 conf.
479 1129 509 1159 p.
525 1117 570 1148 lv!²
597 1119 616 1149 Ι.
631 1118 664 1148 3.
692 1119 783 1150 Haec
810 1128 863 1149 res
892 1128 993 1149 causa
1019 1124 1082 1160 est,
1109 1128 1167 1148 cur
1191 1128 1262 1149 eum
1289 1118 1492 1159 frangentem
1519 1117 1696 1157 appellarit.
1734 1117 1875 1146 Iuvenes
1903 1115 2004 1146 fortes

205 1193 277 1214 cum
302 1183 372 1214 aliis
400 1183 580 1220 coniuncti,
607 1187 641 1213 ut
668 1181 789 1222 praeda
815 1182 1010 1223 potirentur,
1038 1183 1068 1212 in
1092 1182 1272 1222 dispersam
1307 1185 1432 1222 gentem
1469 1182 1673 1212 incursiones
1707 1180 1817 1211 facere
1845 1178 2003 1210 solebant.

204 1247 262 1276 His
290 1244 502 1276 festinandum
530 1249 599 1274 erat
625 1244 655 1273 in
682 1242 851 1285 abigendis
878 1244 980 1284 raptis
1008 1245 1157 1286 camelis,
1195 1254 1236 1274 ne
1263 1245 1302 1274 ab
1329 1244 1477 1275 hostibus
1505 1243 1714 1285 congregatis
1742 1247 1776 1274 et
1802 1250 2005 1282 persequen-

204 1309 288 1340 tibus
315 1308 562 1349 attingerentur.
614 1307 771 1338 Videmus
799 1312 907 1338 autem
935 1318 977 1338 ex
1003 1308 1094 1338 hisce
1122 1308 1243 1339 duobus
1269 1309 1392 1348 verbis,
1419 1309 1475 1339 tali
1501 1308 1594 1339 modo
1616 1307 1733 1349 solum,
1761 1316 1823 1337 non
1851 1310 1920 1336 tota
1946 1312 2004 1335 sua

204 1376 301 1414 gente
327 1371 480 1410 stipatum
506 1371 657 1401 iuvenem
684 1369 845 1402 laudatum
873 1372 904 1400 in
931 1370 1044 1401 hostes
1070 1371 1254 1401 incurrisse.

203 1457 234 1486 3.
259 1455 324 1492 Qui
341 1459 452 1493 pastor
473 1454 665 1484 camelorum
687 1457 852 1493 oviumque
873 1463 936 1484 non
959 1458 1016 1490 est,
1042 1464 1143 1494 neque
1164 1456 1272 1485 lanius
1294 1466 1391 1493 super
1413 1455 1557 1486 lane'ario.
1780 1450 1852 1494 (p.
1875 1446 2001 1492 174.)

201 1511 234 1540 4.
258 1509 322 1546 Qui
342 1509 421 1538 milti
441 1511 585 1540 occurrit,
607 1511 693 1547 peril
712 1511 798 1538 sicut
819 1509 906 1538 Iram
928 1511 1032 1547 periit.

300 1580 334 1608 ln
357 1579 461 1619 priore
478 1587 577 1609 versu
593 1578 692 1608 verba
707 1575 789 1623 rAa>
804 1577 898 1620 ⁶53«
914 1580 1123 1619 explicantur.
1151 1580 1257 1619 Dicit,
1286 1590 1358 1610 eum
1384 1589 1446 1609 non
1473 1579 1615 1619 pastoris
1645 1578 1736 1608 modo
1764 1587 1871 1608 curam
1897 1586 1999 1618 agere

201 1642 354 1681 timentis,
382 1651 421 1670 ne
437 1640 547 1670 cameli
563 1640 652 1670 nimis
680 1639 775 1670 celeri
802 1641 930 1670 incessu
959 1641 1125 1672 laedantur
1149 1648 1205 1673 aut
1233 1643 1317 1683 lanii,
1346 1643 1397 1682 qui
1422 1648 1477 1672 aut
1502 1648 1635 1673 mortem
1654 1647 1707 1672 ant
1724 1642 1868 1671 damnum
1886 1640 1998 1669 timens

202 1704 315 1734 leniter
343 1712 423 1744 erga
449 1712 569 1743 pecora
596 1703 674 1744 agit.
727 1702 794 1733 Sed
822 1704 923 1733 verba
950 1712 1015 1748 με,
1036 1701 1099 1748 5⁴:3²
1125 1704 1196 1751 612
1223 1705 1361 1735 sortasse
1398 1704 1479 1734 hunc
1517 1714 1650 1734 sensum
1689 1703 1844 1742 offerunt,
1883 1701 1999 1731 lanium

200 1775 317 1805 pecora
342 1764 467 1805 quidem
496 1763 660 1801 occidere3
700 1764 759 1795 sed
786 1766 815 1794 in
843 1765 972 1795 laniario
1001 1775 1129 1796 carnem
1158 1776 1219 1796 non
1246 1767 1415 1807 frangere,
1441 1766 1547 1806 potins
1577 1775 1648 1795 cum
1676 1774 1751 1795 cura
1779 1768 1810 1793 et
1834 1762 2000 1803 diligentia

199 1817 353 1857 dividere.
418 1827 584 1857 Postrema
611 1827 710 1857 verba
737 1829 809 1866 »qui
834 1827 907 1857 mihi
936 1828 1088 1867 occurrit,
1127 1829 1212 1868 perit
1246 1830 1327 1859 sicut
1359 1829 1442 1858 Iram
1480 1829 1606 1868 periit,«
1641 1830 1671 1858 in
1699 1826 1857 1856 Mersukii
1885 1824 1997 1855 codice

200 1888 426 1919 desiderantur
459 1894 512 1927 et,
551 1889 708 1929 quomodo
745 1900 816 1920 cum
854 1891 1120 1921 antecedentibus
1150 1891 1363 1932 cohaereant,
1404 1901 1465 1920 nou
1494 1890 1599 1920 video.
1652 1891 1780 1920 Nomen
1820 1889 1900 1918 lram
1937 1896 1999 1927 pa-

199 1951 256 1980 tris
293 1955 349 1980 aut
385 1950 493 1981 matris
520 1952 668 1990 antiquae
697 1953 804 1994 gentis
835 1953 907 1983 Alul
937 1959 993 1984 aut
1021 1963 1095 1993 pars
1122 1954 1310 1985 Ahditarum
1339 1960 1408 1984 erat
1436 1956 1524 1992 (nam
1552 1953 1749 1995 grammatici
1783 1950 1995 1989 dissentiunt)

198 2014 228 2043 in
255 2017 387 2054 gentem
415 2012 489 2043 Ahd
517 2013 618 2053 ipsam
646 2015 782 2045 transiit.
845 2015 939 2054 Quae
968 2026 1048 2058 gens
1077 2027 1174 2057 quum
1205 2018 1329 2046 omnino
1360 2017 1510 2057 perierit,
1549 2016 1650 2046 verba
1679 2015 1883 2057 significant,
1924 2023 1997 2043 eum

197 2074 374 2114 periturum
402 2083 490 2115 esse,
518 2079 552 2105 ut
577 2075 619 2105 nil
646 2076 714 2106 eius
744 2082 855 2108 restet.
884 2079 992 2109 Verba
1015 2084 1068 2120 ox
1100 2083 1160 2108 etc.
1189 2078 1418 2117 quodammodo
1447 2078 1617 2118 proverbio
1646 2077 1761 2106 similia
1787 2081 1859 2106 sunt
1888 2074 1994 2107 conf.

197 2135 296 2166 Meid.
315 2135 352 2167 C.
370 2136 429 2178 26,
444 2136 490 2166 70
504 2136 574 2167 adn.
603 2138 873 2179 Abu-Rijaschus
900 2147 1011 2171 auctor
1041 2146 1103 2181 est,
1131 2145 1258 2180 poetam
1286 2149 1404 2170 versus
1432 2139 1534 2169 hosce
1562 2138 1685 2168 dixisse
1713 2138 1742 2167 in
1770 2137 1993 2175 incursionem,

197 2207 291 2239 quam
320 2199 369 2228 vir
395 2199 552 2229 Schoraib
573 2200 602 2231 b.
617 2200 807 2231 Schorahbil
829 2202 857 2232 b.
873 2203 996 2233 Ahmru
1014 2203 1043 2232 b.
1058 2202 1216 2244 Merised‚
1245 2202 1492 2243 cognominatus
1522 2200 1770 2241 Alhotham,
1799 2199 1829 2228 in
1845 2198 1994 2228 Arabiam

195 2259 322 2290 felicem
352 2259 484 2292 faceret.
538 2262 572 2291 Iu
598 2262 662 2293 ista
688 2263 872 2294 incursione
901 2265 1043 2295 occisum
1063 2274 1140 2294 esse
1168 2264 1345 2294 Waliahum
1364 2264 1393 2293 b.
1422 2262 1664 2300 alandi-carih,
1693 2261 1852 2301 captivam
1880 2259 1994 2288 factam

195 2331 272 2352 esse
306 2322 401 2353 filiam
437 2323 526 2353 Kaisi
553 2323 583 2353 b.
617 2323 878 2366 Mahdi—Carib,
905 2336 1051 2357 sororem
1084 2336 1130 2357 sc.
1161 2327 1369 2357 Alaschahtsi
1397 2327 1425 2356 b.
1455 2327 1543 2356 Kais.
1593 2325 1695 2364 Quam
1738 2328 1773 2353 ut
1810 2321 1992 2361 redimeret,

194 2393 290 2423 quum
319 2385 555 2416 Alascltahtsus
583 2391 712 2417 centum
738 2388 877 2419 camelos
907 2399 964 2430 pro
994 2389 1132 2430 quolibet
1159 2390 1229 2420 eius
1258 2389 1398 2419 cincinno
1426 2389 1615 2425 obtulisset,
1653 2396 1723 2416 eam
1756 2385 1810 2415 siti
1843 2384 1991 2423 periisse.

193 2445 254 2476 Vir
281 2447 480 2479 Alaschahts
507 2449 536 2479 b.
564 2449 643 2479 Kais
665 2450 703 2480 ab
723 2451 973 2492 Abu-Rijascho
1003 2452 1161 2484 adductus
1188 2453 1270 2483 inter
1299 2461 1355 2483 eos
1375 2457 1454 2489 erat,
1484 2454 1536 2491 qui
1563 2449 1818 2480 Mohammedem
1844 2447 1993 2478 viderunt

192 2504 338 2554 (523⁰)-
355 2511 447 2541 Anno
457 2511 600 2551 Hedjrae
617 2512 740 2543 decimo
755 2523 797 2544 ex
811 2514 931 2546 Arabia
945 2515 1037 2546 felice
1051 2525 1121 2546 curn
1134 2516 1307 2557 sexaginta
1319 2515 1397 2544 viris
1413 2514 1517 2555 gentis
1532 2512 1664 2544 Cendah
1681 2512 1719 2542 ad
1734 2510 1991 2542 Mohammedem

192 2570 291 2600 venit.
330 2573 423 2602 Anno
452 2573 498 2604 42
526 2574 607 2605 diem
636 2574 757 2606 obiisse
783 2575 898 2607 dicitur
924 2577 1030 2622 conf.
1057 2578 1150 2609 Citab
1179 2576 1496 2608 Tahdsibi-I’Asmai
1526 2585 1555 2616 p.
1584 2575 1650 2606 160
1679 2575 1728 2605 ed.
1755 2575 1793 2605 cl.
1818 2572 1987 2605 Wustenf·
