2247 2865
1115 95 1135 116 v

245 177 430 217 inscriptum
454 182 511 207 est.
536 176 659 206 Maiore
680 176 850 206 carminum
875 181 974 215 parte,
999 187 1129 217 quorum
1154 178 1239 218 plura
1264 181 1390 218 integra
1412 185 1482 210 sunt
1497 180 1653 220 utp.377.
1670 182 1740 212 3⁸2.
1756 183 1920 221 attona,
1944 194 2030 215 mors

243 238 462 272 cognatorum,
485 231 666 267 amicorum,
690 230 827 259 virorum
851 231 997 260 nobilium
1021 241 1314 271 generosorumque
1340 232 1528 272 deploratur.
1573 235 1605 263 1n
1639 236 1793 265 nonnullis
1821 237 1860 267 de
1896 238 2027 278 plurium

241 289 382 318 virorum
406 292 503 316 morte
524 286 613 314 simul
637 285 751 324 agitur.
803 285 923 315 Poetae
953 285 1153 324 deplorantes
1184 296 1277 326 quum
1309 287 1400 316 laude
1433 293 1587 318 mortuum
1616 295 1726 319 ornant
1756 295 1816 320 tum
1848 292 1926 321 duas
1950 291 2030 322 intes

243 343 365 372 Arabes
388 341 522 371 maxime
537 339 679 370 laudatus
696 340 830 369 virtutes
849 339 1059 369 fortitudinem
1084 340 1378 380 liberalitatemque,
1403 352 1470 372 raro
1496 343 1573 371 alias
1597 343 1678 373 conf.
1692 353 1718 382 p.
1733 344 1802 373 473.
1816 345 1884 374 476.
1905 346 2030 376 descri-

239 398 323 427 bunt.
368 397 401 426 ln
423 394 562 435 pluribus
584 399 710 433 poetam
734 398 916 433 optantem,
947 399 978 423 ut
1002 395 1088 424 Deus
1112 395 1289 433 sepulerum
1315 396 1400 430 larga
1425 396 1516 426 nubis
1541 396 1646 434 pluvia
1671 397 1775 435 irriget
1799 403 1851 427 aut
1875 405 2029 430 mortuum

240 449 452 482 misericordia
474 449 558 488 beet,
581 447 734 477 audimus.
779 449 862 478 Inter
885 449 1019 478 earmina
1045 448 1186 479 funebria
1210 450 1258 479 illa
1283 450 1422 479 immixta
1441 449 1628 480 invenimus,
1653 460 1733 489 quae
1749 450 1788 479 ad
1807 458 2029 489 argumentum

240 512 293 537 aut
315 505 442 546 propius
466 503 623 534 accedant
644 508 700 533 aut
721 503 760 532 ab
782 513 819 532 eo
845 503 969 541 longius
993 502 1104 531 absint.
1137 503 1169 531 1n
1192 502 1338 532 versibus
1357 513 1383 541 p.
1403 502 1470 531 424.
1489 503 1592 541 puella
1606 512 1623 531 a
1645 512 1784 532 noverca
1803 504 1883 533 male
1903 510 2025 534 tracta-

236 566 268 591 ta
287 559 395 590 matris
418 563 548 588 mortem
572 558 719 597 queritur.
763 558 821 587 Vir
843 557 967 596 qnidam
997 566 1022 595 p.
1047 557 1116 586 -162,
1143 556 1241 586 fratre
1264 556 1414 585 defuncto
1444 565 1536 585 curas
1569 556 1698 585 tiliorum
1730 557 1797 585 eius
1826 558 1884 586 sibi
1919 558 2024 597 impo-

233 614 314 644 sitas
337 612 496 643 describit.
539 612 573 640 In
597 611 741 640 versibus
762 621 790 650 p.
814 610 883 640 453.
907 615 995 650 pater
1018 611 1157 650 (pulerit,
1189 620 1260 639 num
1294 610 1344 639 lilii
1373 611 1471 649 ipsius
1497 614 1628 640 mortem
1654 609 1844 649 deploraturi
1867 612 1939 641 sint.
1983 612 2019 641 Iu

235 667 385 698 versibus
408 677 435 706 p.
457 667 526 696 405.
550 670 645 705 poeta
668 674 865 695 connnuncm
890 665 1065 694 hominibus
1089 664 1238 694 moriendi
1263 670 1381 693 sortem
1404 672 1488 703 esse,
1511 673 1539 703 p.
1564 663 1632 693 497.
1661 664 1742 692 omui
1772 669 1912 704 tempore
1936 675 2025 695 mor-

234 727 298 752 tem
320 720 485 759 advenire,
510 730 539 760 p.
563 719 631 748 455.
655 723 779 759 tempus
802 728 913 749 omncs
945 728 996 748 res
1025 719 1157 758 perdere
1188 719 1335 758 explicat.
1385 719 1419 748 In
1452 717 1599 747 versibus
1631 727 1659 756 p.
1691 717 1759 748 419.
1794 717 1863 747 429.
1893 718 1932 748 dc
1964 720 2024 749 viri

233 775 417 815 captivitate
439 776 588 813 queritur,
611 773 640 802 in
663 773 812 803 versibus
834 783 863 812 p.
889 773 957 805 ⁴38.
981 773 1037 802 viri
1061 772 1184 802 laudem
1208 772 1369 811 describit,
1394 774 1559 812 quiutrum
1575 776 1714 802 mortuus
1731 772 1770 801 sit
1789 781 1849 802 nec
1865 782 1916 812 ne,
1940 772 2023 803 baud

232 829 337 869 liquet.
361 828 453 867 Quae
479 834 582 859 autem
606 836 757 857 versuum
779 837 808 867 p.
831 827 901 858 459.
925 831 955 857 et
978 827 1092 867 capitis
1115 827 1292 866 argumenti
1309 827 1487 856 communio
1509 827 1561 861 sit,
1586 836 1620 856 rc
1642 836 1719 856 vera
1742 826 1801 855 dici
1824 836 1884 856 non
1908 832 2025 866 potest.

312 882 420 912 Tertio
444 882 510 911 libri
534 882 627 921 capiti
646 882 733 923 ψῶἱ
758 882 864 912 titulus
889 886 952 917 est,
978 890 1038 921 qua
1062 890 1144 911 voce
1169 891 1290 910 morum
1313 881 1448 911 civilitas
1474 881 1491 912 i.
1506 890 1532 910 e.
1555 880 1692 920 prudens
1715 881 1879 921 civilisque
1903 882 2021 922 agendi

230 941 321 979 ratio,
344 950 406 981 qua
429 941 457 970 in
480 942 587 971 verbis
611 941 770 981 factisque
794 941 862 971 aliis
886 941 1063 981 placemus,
1086 940 1278 982 designatur.
1304 940 1407 979 Quam
1431 949 1545 971 vocem
1570 941 1700 971 sirecte
1715 941 1927 982 delinivimuS,
1953 953 2025 974 om-

229 995 279 1025 nis
301 999 364 1025 tum
387 995 520 1025 hominis
544 995 693 1034 conditio,
716 1001 780 1025 tum
807 995 971 1036 cogitandi
995 996 1087 1034 ratio,
1111 1000 1176 1026 tum
1198 996 1297 1025 virtus
1320 995 1507 1025 excluditur.
1551 995 1644 1033 Quae
1673 998 1850 1035 argumenti
1885 1000 1965 1028 ratio
1994 998 2024 1028 iu

229 1057 329 1079 causa
349 1057 423 1078 esse
445 1048 584 1085 videtur,
608 1058 664 1079 cur
688 1053 783 1088 caput
806 1050 975 1079 maximam
999 1053 1120 1088 partem
1145 1048 1316 1078 minoribus
1339 1048 1525 1088 fragmentis
1548 1054 1683 1086 constet,
1709 1054 1742 1079 ut
1758 1060 1785 1089 p.
1802 1050 1872 1080 520.
1897 1051 2018 1081 nonnisi

229 1111 312 1132 unus
332 1111 448 1132 versus
472 1103 521 1132 sit.
551 1104 585 1132 ln
608 1103 809 1142 carminibus,
833 1113 913 1144 quae
935 1108 968 1133 ut
987 1113 1014 1143 p.
1030 1102 1099 1133 513.
1114 1103 1183 1132 517.
1199 1103 1269 1133 524.
1287 1102 1349 1132 529
1364 1112 1409 1142 sq.
1423 1102 1492 1134 533.
1512 1103 1650 1142 pluribus
1673 1105 1818 1134 versibus
1842 1106 2020 1145 composita

227 1160 311 1197 sunt,
334 1157 440 1196 plures
462 1157 552 1186 simul
575 1166 627 1186 res
650 1157 728 1186 varii
750 1157 929 1196 argumenti
952 1160 1135 1193 tractantur,
1158 1156 1202 1185 ita
1224 1160 1258 1185 ut
1280 1165 1330 1186 res
1356 1166 1478 1196 quoque
1502 1157 1539 1186 ab
1557 1162 1745 1197 argumento
1762 1159 1874 1198 capitis
1895 1159 2014 1189 alienas

227 1210 418 1240 contineant.
463 1210 585 1250 Capitis
613 1216 718 1241 autem
748 1216 964 1251 argumentum
995 1221 1090 1251 quum
1119 1220 1242 1241 omnem
1273 1210 1408 1240 hominis
1436 1216 1573 1251 statum,
1607 1213 1635 1242 in
1669 1223 1731 1253 quo
1763 1218 1793 1242 et
1821 1214 2017 1253 prudentiam

225 1263 336 1304 agendi
359 1268 391 1293 et
414 1274 532 1294 morum
550 1265 733 1295 civilitatem
752 1265 908 1304 ostendat,
932 1266 1173 1305 complectatur,
1197 1265 1266 1294 eius
1279 1265 1404 1304 singula
1421 1266 1559 1297 carmina
1580 1271 1610 1296 et
1627 1267 1803 1307 fragmenta
1827 1268 1868 1297 ita
1891 1268 2015 1308 disponi

225 1328 286 1348 non
309 1323 454 1358 possunt,
478 1324 508 1348 ut
533 1328 634 1350 nexus
655 1321 713 1350 sub
737 1330 830 1351 unum
853 1321 1035 1360 adspectum
1069 1321 1171 1351 cadat.
1223 1320 1285 1359 Qui
1317 1329 1431 1349 versus
1462 1320 1534 1349 viri‘
1547 1330 1650 1350 mores
1677 1321 1860 1352 describunt
1889 1332 1938 1352 ex.
1968 1332 2017 1362 gr.
2056 1362 2061 1368 .

227 1381 255 1410 p.
280 1371 361 1410 498„
385 1372 415 1401 in
439 1372 549 1410 quibus
571 1373 618 1401 vir
640 1373 811 1403 amicorum
835 1380 959 1404 secreta
982 1376 1070 1404 varia
1093 1384 1129 1403 se
1153 1383 1285 1404 servare
1307 1373 1397 1412 dicit,
1428 1374 1446 1402 ii
1473 1374 1530 1402 viri
1554 1374 1678 1404 laudem
1702 1375 1893 1414 praedicant.
1937 1377 2016 1407 Sin-

226 1426 372 1465 gulorum
397 1430 502 1455 autem
525 1427 664 1456 locorum
682 1429 780 1458 variis
795 1429 990 1467 argumentis
1007 1429 1172 1468 diligenter
1189 1428 1372 1466 disquisitiS,
1390 1427 1703 1457 Abu-'l'ammamnm
1720 1429 1812 1458 vocis
1824 1428 1908 1469 ..μρὃῖ
1920 1429 2014 1469 fines,

227 1485 288 1513 etsi
310 1482 403 1522 ampli
425 1484 496 1520 sint,
523 1489 755 1524 transgressum
780 1495 866 1522 esse,
890 1496 982 1515 nemo
1006 1497 1065 1516 non
1089 1486 1186 1516 videt.
1209 1487 1362 1525 Exemplo
1386 1487 1448 1516 sint
1471 1496 1551 1526 quae
1572 1492 1743 1525 sequuntur
1767 1487 1844 1516 loca.
1878 1488 1911 1516 ln
1936 1496 2013 1517 ver-
2057 1487 2059 1490 ’

227 1536 318 1566 sibus
340 1545 369 1575 p.
392 1537 460 1565 514.
484 1537 552 1566 seni
576 1538 662 1566 vitae
686 1537 813 1578 longum
836 1540 970 1578 spatium
995 1539 1183 1578 sperandum
1208 1551 1268 1571 non
1293 1551 1365 1571 esse
1387 1542 1529 1580 legimus.
1574 1543 1607 1571 ln
1637 1542 1784 1571 versibus
1815 1552 1842 1581 p.
1864 1541 1934 1572 5:33.
1960 1543 2012 1572 iu-

223 1593 340 1618 ventus
361 1590 391 1619 in
412 1599 513 1618 rerum
537 1590 725 1620 abundantia
749 1591 905 1631 laudatur,
931 1599 1099 1632 paupertas
1124 1596 1342 1632 contemnitur,
1367 1595 1510 1625 fortunae
1523 1601 1628 1626 autem
1644 1596 1882 1626 vicissitudines
1897 1607 1926 1636 p.
1941 1596 2013 1626 534.

222 1643 450 1682 vituperantur.
493 1643 563 1673 Viri
586 1643 770 1683 dignitatem
796 1646 823 1675 in
849 1646 966 1675 divitiis
990 1657 1049 1677 non
1073 1657 1148 1678 esse
1171 1659 1198 1689 p.
1221 1650 1290 1680 511.
1315 1660 1416 1690 neque
1430 1660 1545 1691 magno
1559 1660 1691 1690 corpore
1706 1651 1883 1680 consistere
1898 1651 2010 1689 p.5·25.

222 1696 367 1735 legimus.
413 1696 447 1725 Iu
470 1697 704 1726 calamitatibus
726 1704 818 1737 poeta
840 1708 928 1738 spem
952 1710 1012 1729 non
1037 1702 1188 1733 abiiciens
1211 1704 1241 1733 in
1264 1709 1406 1743 tempore
1425 1705 1528 1734 futuro
1553 1714 1642 1743 spem
1669 1705 1755 1743 ponit
1780 1714 1807 1743 p.
1830 1704 1903 1734 520.
1940 1704 2016 1734 vita

220 1750 331 1789 paucis
353 1754 512 1788 contenta,
535 1749 607 1780 dum
630 1751 698 1781 aliis
722 1752 875 1782 beneficia
898 1764 957 1783 non
983 1754 1148 1795 debemus,
1171 1756 1378 1795 praeferenda
1401 1762 1450 1786 est
1473 1767 1500 1797 p.
1525 1756 1595 1787 532.
1639 1758 1762 1787 Annum
1782 1758 1936 1788 infelicem
1954 1767 2010 1797 pro

220 1805 319 1834 felicis
341 1803 559 1834 recordatione
582 1805 657 1836 dare
679 1812 773 1846 poeta
796 1817 855 1837 non
879 1808 997 1838 dubitat
1021 1819 1048 1848 p.
1070 1809 1140 1839 536.
1184 1811 1284 1840 Poeta
1307 1812 1455 1841 honorem
1478 1816 1512 1841 ut
1535 1817 1725 1850 conservet,
1759 1812 1890 1841 habendi
1914 1813 2008 1851 eupi-

220 1858 322 1889 diuem
342 1863 436 1889 cavet
459 1869 488 1898 p.
509 1860 578 1891 515.
623 1861 781 1891 Pudorem
805 1872 844 1892 ne
866 1863 894 1892 in
919 1864 1065 1904 angustia
1088 1874 1189 1894 rerum
1219 1864 1342 1904 quidem
1369 1865 1575 1895 abiiciendum
1607 1875 1680 1895 esse
1708 1875 1736 1904 p.
1759 1866 1828 1896 516.
1853 1866 1944 1906 dicit,
1975 1871 2016 1896 ut

220 1913 301 1943 nulla
323 1914 351 1943 in
373 1924 406 1943 re
427 1913 555 1944 honoris
579 1915 741 1945 immemor
763 1916 804 1945 sit
827 1927 855 1956 p.
879 1917 951 1947 516.
986 1917 1221 1948 Liberalitatem
1245 1928 1322 1958 erga
1346 1919 1504 1958 orphanos
1529 1919 1636 1949 uxoris
1661 1920 1922 1959 vituperationem
1946 1930 2014 1950 non

221 1974 335 1996 curans
357 1967 466 1997 laudat
488 1975 583 2007 poeta
607 1979 634 2008 p.
659 1969 730 1999 522.

301 2020 410 2058 Quarti
434 2022 503 2052 libri
524 2024 644 2053 titulum
668 2025 798 2065 Wadi
821 2025 1121 2056 Abu—'rammamus
1143 2026 1280 2065 scripsit.
1333 2026 1559 2057 Commentarii
1581 2034 1692 2057 auctor
1716 2027 1806 2057 huius
1830 2029 1922 2058 vocis
1946 2038 2009 2057 vo-

218 2081 330 2119 cisque
350 2079 427 2129 &jidl
449 2079 615 2111 discrimen
640 2083 728 2116 (sunt
751 2083 832 2113 enim
861 2093 962 2114 voces
991 2085 1034 2114 rei
1057 2085 1293 2125 significatione
1316 2086 1513 2125 cognatae),
1547 2096 1708 2125 exponere
1732 2095 1864 2116 necesse
1890 2086 2005 2115 babuit.

217 2135 308 2174 Quae
335 2140 510 2177 argumenti
539 2141 710 2171 similitudo
739 2150 837 2172 causa
867 2148 935 2179 est,
969 2153 1023 2172 cur
1052 2153 1167 2173 versus
1189 2154 1217 2183 p.
1234 2144 1303 2174 538.
1327 2145 1445 2183 speciei
1460 2145 1536 2195 ,ζῷς
1554 2145 1729 2184 appellatae
1754 2144 1791 2173 ab
1812 2144 1871 2173 alio
1894 2148 2009 2172 aucto-

218 2204 253 2224 re
275 2195 470 2227 adnumerati
492 2199 564 2229 sint.
608 2199 683 2230 Vox
706 2202 784 2252 &ji-li
809 2203 946 2233 carmina
969 2202 1265 2243 designat,·quibus
1290 2203 1452 2233 mulierum
1477 2213 1604 2233 amores
1627 2203 1831 2243 divulgantur
1859 2208 1890 2232 et
1917 2211 2010 2232 amo-

230 2258 258 2286 is
282 2257 430 2298 conditio.
455 2268 515 2298 quo
538 2261 606 2300 quis
628 2271 662 2291 re
683 2272 761 2291 vera
783 2262 904 2292 mulieri
930 2262 1055 2292 deditus
1078 2268 1146 2302 est,
1177 2262 1384 2299 describitur,
1415 2269 1448 2293 ut
1478 2264 1601 2303 proprie
1624 2264 1708 2294 dicta
1732 2264 1869 2293 carmina
1893 2263 2011 2292 erotica

215 2321 327 2342 nomeu
351 2313 595 2352 complectatur3
621 2325 686 2346 vox
710 2317 841 2357 walt
865 2322 969 2346 autem
995 2327 1111 2347 versus
1141 2317 1304 2357 designat,
1336 2319 1450 2358 quibus
1478 2318 1662 2348 feminarum
1692 2317 1890 2358 pulchritudo
1919 2326 2010 2346 amo-

215 2369 322 2409 risque
361 2370 557 2401 conditiones
594 2371 813 2413 depinguntur.
879 2374 1036 2404 Versibus
1073 2376 1188 2405 talibus
1221 2381 1350 2406 veteres
1391 2381 1505 2416 poetae
1543 2377 1685 2407 carmina
1720 2377 1837 2405 maiora
1875 2375 2009 2414 incipie-

216 2424 308 2464 bant,
336 2426 387 2465 qui
411 2435 501 2465 mos,
534 2427 632 2466 prima
661 2428 705 2456 rei
733 2429 903 2459 occasione
929 2430 968 2459 ab
998 2430 1240 2460 Abu-Nowaso
1271 2429 1364 2470 data,
1393 2439 1412 2460 a
1443 2435 1537 2469 poeta
1568 2430 1776 2459 Motenabbio
1810 2431 2008 2467 vituperatus

214 2486 254 2507 ac
276 2478 444 2517 neglectus
467 2479 534 2510 fuit.
577 2481 610 2509 ln
634 2482 736 2520 capite
763 2488 871 2513 nostro
905 2484 1102 2523 pulchritudo
1132 2484 1339 2523 corporisque
1369 2484 1505 2514 conditio
1536 2484 1698 2523 perfecta,
1728 2482 1817 2511 cuius
1851 2482 2006 2521 adspectu

215 2540 302 2561 amor
324 2533 429 2572 oritur,
453 2542 523 2562 raro
546 2533 726 2574 depingitur
743 2545 771 2574 p.
793 2536 862 2566 579.
885 2537 955 2567 595.
976 2538 1058 2577 624.,
1081 2537 1205 2577 modus,
1229 2547 1289 2578 quo
1312 2547 1400 2568 amor
1422 2538 1560 2567 nascitur
1583 2547 1611 2576 p.
1634 2537 1704 2565 566.
1727 2536 1803 2567 6110.
1828 2545 1915 2566 amor
1938 2536 2006 2574 ipse

215 2594 244 2625 p.
267 2585 338 2616 522.
360 2586 429 2617 576.
451 2587 521 2620 577.
541 2588 612 2621 585.
632 2589 704 2620 602.
727 2589 920 2623 describitur.
963 2592 1110 2622 Amantis
1132 2592 1268 2623 conditio
1290 2602 1384 2633 quum
1407 2593 1495 2622 varia
1517 2592 1569 2630 sit,
1592 2591 1760 2630 felicitatis,
1786 2600 1847 2631 qua
1869 2591 1994 2629 fruitur,
