2247 2865
970 84 1242 115 —447-

207 186 300 225 Quae
327 197 380 218 res
407 197 500 227 quum
528 187 566 218 ad
595 186 814 225 Alliaritsum,
853 186 905 226 qui
942 190 1003 214 tam
1033 183 1197 224 prudentia
1223 192 1313 222 quam
1342 181 1526 212 fortitudine
1553 187 1584 212 et
1613 183 1726 213 robore
1755 184 1889 224 insignis
1917 189 1996 223 erat,

206 248 331 288 perlata
358 256 461 290 esset,
491 250 586 280 dixit:
622 251 708 279 Bene
735 249 864 278 occisus
889 253 952 280 est.
982 250 1072 278 citius
1102 251 1201 276 morte
1229 246 1310 274 inter
1340 244 1420 273 duos
1449 243 1531 273 tilios
1560 244 1681 283 U'ajeli
1709 256 1770 284 pax
1799 246 1995 285 componitur

205 316 237 340 et.
264 311 378 341 caedes
405 312 585 351 impeditur,
624 317 655 340 et
683 320 776 350 quum
804 310 904 340 verba
933 309 1105 338 Moliallieli
1134 309 1161 338 ei
1191 309 1428 344 nuntiarentur,
1469 311 1562 336 caute
1590 316 1691 346 agens
1719 308 1756 337 ad
1787 306 1847 343 (ΙΙ.
1872 304 1996 341 ²5⁸2.)

206 368 484 403 Amru-t'tx'aisum
512 374 620 413 misit,
645 382 704 412 sc,
732 373 759 401 si
791 372 959 411 Bodjairns
989 381 1043 410 pro
1072 371 1203 400 colutho
1235 369 1364 399 occisus
1391 369 1445 408 sit.
1473 374 1505 398 ut
1531 379 1594 408 pax
1622 377 1889 409 componeretur,
1930 381 1995 402 reru

205 441 329 476 gratam
355 436 484 465 habere.
537 436 603 465 Sed
631 445 724 474 quum
753 435 956 464 Moliullielus
985 434 1144 472 dixisset,
1179 442 1216 461 se
1241 441 1313 461 cum
1347 441 1403 470 pro
1434 432 1499 460 loro
1538 431 1647 461 soleae
1678 432 1800 462 Colaibi
1828 432 1997 473 occidisse,

205 497 390 528 Alliaritsus
418 498 550 528 ancillae
578 498 676 528 dixit:
706 498 857 528 Camelos
886 503 959 527 tuos
991 491 1111 526 reduc!
1154 496 1274 525 Malum
1295 495 1446 532 (bellum)
1473 495 1592 535 effecit,
1623 501 1657 526 ut
1683 496 1721 525 ad
1750 502 1878 536 gentem
1908 502 1995 526 tuam

206 559 393 598 pervenires
422 560 492 597 (vel
521 563 557 589 te
586 559 656 589 red
669 554 824 598 ucatl),
861 569 929 588 nam
957 569 998 588 ex
1025 559 1185 589 hominum
1214 567 1345 588 numero
1374 563 1408 588 tu
1439 568 1497 597 es.
1535 569 1618 598 quae
1654 559 1753 588 verba
1783 558 1811 588 in
1840 558 2000 597 proverbii

205 620 466 651 cousuetudinem
493 631 614 650 venere
642 622 768 659 (conf.
798 621 937 651 Meidan.
966 622 1001 650 T.
1022 622 1074 651 ΙΙΙ.
1104 622 1137 650 1’.
1171 621 1198 650 l.
1228 622 1291 650 No.
1325 620 1459 655 1144.)
1512 621 1591 649 'l'um
1619 630 1729 659 equam
1755 630 1844 649 suam
1873 621 1999 649 nomine

205 683 406 713 Alnaahmah
434 683 546 713 adduci
574 684 667 714 iussit
695 690 727 714 et
755 685 930 714 anteriores
958 686 1027 713 eins
1055 684 1084 712 in
1111 683 1215 722 eapite
1243 685 1345 712 crines
1366 690 1500 710 necnon
1518 681 1638 712 candae
1657 683 1762 712 crines
1780 677 1999 723 amputavit¹).

206 746 329 776 Primus
359 747 508 786 Arabum,
536 747 587 786 qui
615 747 674 777 hoc
702 748 822 787 fecerit,
853 747 953 777 fuisse
973 746 1096 775 dicitur.
1140 746 1233 784 Sunt,
1262 747 1313 784 qui
1333 745 1451 782 dicant,
1481 754 1550 774 eum
1572 754 1686 784 equam
1708 744 1860 774 triennem
1888 746 2000 773 iterum

205 809 326 839 fecisse
354 809 391 847 (i.
419 819 447 839 e.
476 811 649 848 amputatis
677 810 814 840 crinibus
841 810 868 839 ei
896 809 1037 848 speeiem
1074 808 1146 846 equi
1187 807 1319 836 triennis
1357 806 1576 845 praebuisse).
1642 805 1857 844 Respondi-ns
1895 809 2001 834 autem

206 871 306 901 hosce
334 872 463 911 protulit
493 882 632 902 versus:
663 871 769 915 (metr.
792 872 916 913 Charis)
945 871 1175 911 Bodjairus
1204 871 1376 900 occisus
1404 869 1643 899 utilitatem
1672 878 1748 897 non
1777 867 1935 898 adtulit
1962 873 2001 896 et

207 943 311 975 gens
346 935 514 964 Colaibi
553 936 811 965 seinvicem
852 935 897 965 ab
935 944 1077 964 errore
1117 944 1192 963 non
1232 934 1498 972 repulerunt.
1551 932 1707 971 Equam
1735 931 2000 960 Alnaahmah

206 999 380 1036 propius
408 997 515 1036 apud
546 1007 604 1027 me
631 998 850 1038 adligate.
880 997 1029 1027 bellum
1050 996 1219 1035 Wujili,
1244 1000 1464 1036 postquam
1493 1005 1569 1024 non
1598 999 1875 1034 conceperat,
1905 1003 2000 1024 con-

205 1057 373 1098 cepit'3).
403 1060 493 1099 Ego
524 1060 559 1089 id
587 1069 663 1089 non
692 1060 884 1097 accendi,
913 1060 1024 1088 Deus
1051 1059 1156 1098 scit,
1186 1063 1226 1087 et
1254 1067 1335 1099 ego
1363 1067 1470 1086 nunc
1498 1058 1592 1086 eius
1621 1053 1789 1099 aestu³j
1809 1056 2000 1096 adfligor.

205 1122 363 1160 Equam
383 1122 640 1152 Alnaalimali
669 1123 844 1162 propius
874 1121 983 1160 apud
1011 1130 1068 1150 me
1095 1120 1291 1160 alligate,
1321 1130 1411 1149 nam
1440 1120 1545 1158 quod
1574 1120 1730 1149 nobilis
1760 1130 1831 1159 pro
1859 1120 2001 1149 soleae

205 1184 299 1213 loro
327 1184 568 1223 occidatur,
608 1185 698 1214 cari
727 1185 861 1224 pretii
889 1188 962 1214 est.
1015 1185 1096 1212 'l'um
1124 1192 1212 1211 suain
1243 1182 1385 1212 familiam
1413 1187 1445 1211 et
1473 1188 1602 1221 gentem
1633 1192 1700 1212 cuin
1728 1183 1797 1221 ipso
1815 1186 2003 1212 versantem

206 1255 278 1275 cum
295 1247 420 1285 agmine
438 1249 541 1286 gentis
559 1247 640 1276 Beer
657 1248 683 1276 b.
703 1247 813 1287 u'ajel
831 1248 1002 1277 coniunxit.
1033 1246 1136 1275 Huius
1166 1246 1272 1285 gentis
1303 1251 1369 1274 tum
1399 1246 1551 1284 temporis
1568 1245 1631 1275 dux
1649 1246 1834 1276 Alliaritsus
1850 1246 1878 1275 b.
1898 1246 2001 1274 Ham-

206 1317 287 1338 mam
299 1312 356 1338 cte.
370 1312 527 1348 praeerat.
557 1309 623 1339 Res
641 1309 690 1339 die
706 1320 833 1349 pugnae
846 1309 1016 1339 Altalialoc
1033 1308 1212 1347 appellatae
1229 1308 1332 1345 (conf.
1350 1308 1446 1337 Meid.
1463 1309 1499 1337 Τ.
1517 1308 1569 1338 ΙΙΙ.
1587 1308 1622 1337 P.
1634 1309 1656 1337 Ι.
1675 1318 1703 1347 p.
1717 1308 1816 1346 577.)
1833 1312 1926 1347 gesta
1940 1310 2002 1336 est.

992 1415 1208 1448 eLxlx.

225 1479 365 1514 Dixit
389 1480 622 1522 njanum·
645 1482 690 1515 l».
714 1481 982 1516 ntuotmiah
1006 1482 1052 1515 1».
1076 1481 1206 1514 Bais
1230 1482 1276 1514 h.
1301 1482 1590 1515 Tsahlahah
1612 1482 1658 1515 h.
1683 1479 1970 1514 lllnobaiah.

306 1553 364 1582 Vir
393 1552 516 1582 Rabiah
543 1554 725 1592 appellatus
754 1563 930 1595 cognomen
960 1553 1102 1593 Djalidar
1129 1564 1147 1583 a
1176 1563 1312 1593 corpore
1341 1555 1432 1584 brevi
1459 1558 1642 1593 acceperat.
1695 1553 1796 1583 Poeta
1825 1555 1897 1582 ante
1924 1553 2002 1582 Μο-

206 1614 403 1644 lianunedem
437 1616 528 1645 vixit.

206 1712 234 1740 1.
258 1711 342 1740 Filia
366 1722 434 1740 mea
453 1715 546 1749 putre
568 1714 629 1740 iam
654 1714 762 1741 orbam
784 1717 840 1745 est,
866 1724 951 1742 umor
975 1723 1042 1741 men
1065 1713 1159 1741 vidua
1182 1723 1244 1742 mm
1263 1715 1353 1751 sacta
1376 1717 1407 1741 et
1432 1716 1505 1749 pos!
1533 1716 1711 1742 unctionem
1739 1723 1827 1741 coma
1858 1722 1927 1740 mea
1950 1712 2001 1739 di-

1003 1779 1114 1805 spersa
1138 1772 1193 1798 est.

306 1836 365 1865 Die
406 1845 529 1876 pugnae
570 1836 806 1867 Altalialok
835 1838 922 1875 (dies
950 1847 1083 1866 rasurae
1110 1835 1238 1873 comae]
1267 1836 1489 1875 cognominato
1524 1835 1604 1864 inter
1632 1835 1756 1864 Arabes
1783 1835 1889 1875 gentis
1917 1836 2001 1865 Beer

207 1903 416 1936 convenerat,
445 1904 477 1928 ut
505 1900 611 1939 signe,
638 1909 698 1938 quo
727 1910 763 1929 se
791 1901 925 1929 invicem
954 1902 1196 1939 cognoscerent,
1226 1907 1348 1928 comam
1375 1902 1584 1935 amputarent.
1639 1898 1758 1935 Poeta,
1788 1900 1838 1936 qui
1867 1907 2001 1936 corpore

207 1969 307 1999 parvo
335 1959 499 1998 praeditus
529 1970 620 1991 coma
648 1962 741 2001 longa
769 1963 964 2001 pulchraque
992 1962 1169 2002 gauderet,
1199 1960 1347 2000 rogavit,
1377 1964 1409 1988 ut
1438 1968 1549 1988 comae
1577 1969 1656 1989 suae
1684 1964 1878 1998 parceretur.
1930 1959 1998 1988 Res

207 2021 235 2050 ei
263 2030 422 2050 concessa
453 2027 504 2050 est
533 2032 570 2052 ea
598 2023 788 2061 conditione,
817 2029 851 2053 nt
877 2024 991 2053 fortem
1020 2034 1056 2053 se
1083 2023 1285 2059 ostenderet,
1323 2031 1392 2050 nani
1423 2021 1451 2049 si
1480 2021 1588 2050 facere
1623 2022 1869 2060 intermisisset,
1906 2030 1943 2050 se
1972 2021 1999 2050 ei

209 2092 265 2122 pro
294 2092 396 2121 poena
422 2093 545 2113 comam
576 2088 764 2114 resecturos
792 2095 867 2115 esse
895 2087 1002 2115 minati
1031 2092 1116 2116 sunt.
1169 2086 1324 2115 Sciebant
1352 2089 1458 2114 autem
1485 2085 1638 2124 captivis,
1665 2087 1694 2114 si
1723 2085 1869 2114 libertate
1899 2083 2000 2112 dona-

207 2145 332 2185 bantur,
359 2154 477 2174 comam
507 2155 666 2176 resecare.
719 2147 811 2177 llane
838 2156 904 2177 rem
933 2149 1107 2187 respiciens
1134 2160 1172 2178 se
1200 2153 1316 2179 tantam
1345 2147 1558 2177 fortitudinem
1580 2148 1783 2186 probaturum
1813 2155 1885 2175 esse
1913 2145 1998 2176 dicit.

208 2212 243 2238 ut
271 2217 332 2238 non
361 2211 465 2247 possit
493 2218 553 2238 nou
581 2210 689 2240 occidi.
743 2210 846 2248 Quam
874 2215 979 2240 autem
1008 2221 1071 2241 rem
1101 2216 1244 2250 tanquam
1273 2214 1460 2240 eventuram
1480 2209 1639 2249 providet,
1668 2219 1737 2238 eam
1758 2213 1901 2246 tanquam
1924 2216 2001 2245 per-

206 2269 321 2300 sectam
348 2270 510 2300 describit.
564 2272 749 2302 Mersukius
781 2282 822 2302 ex
851 2272 1082 2302 Ebu-Doraido
1110 2272 1288 2312 adnotavit,
1317 2272 1416 2301 verbo
1444 2276 1495 2315 μὲν
1523 2270 1788 2311 significationem
1816 2268 1995 2307 primariam

207 2334 357 2374 sotum,
387 2337 550 2364 unicum
579 2344 655 2364 esse
673 2358 682 2372 ‚
711 2334 908 2364 tribuendam
936 2344 1036 2372 esse,
1065 2344 1106 2363 ex
1133 2343 1194 2372 qua
1219 2333 1414 2374 significatio
1442 2332 1667 2372 orphanum
1697 2340 1814 2367 esse,
1853 2328 1998 2358 derivata

223 2418 254 2449 1)
274 2420 330 2442 Huc
348 2419 444 2442 fecisse
464 2418 579 2448 videtur,
599 2422 627 2442 ut
646 2420 678 2442 ad
697 2419 812 2442 celerem
832 2425 939 2442 cursum
959 2419 1049 2448 aptior
1068 2421 1151 2441 esset.

223 2465 256 2497 2]
275 2466 375 2490 Beuum
394 2473 452 2489 cum
472 2466 574 2489 carnelo
593 2465 772 2495 compararit,
791 2472 869 2495 quae,
890 2470 1026 2497 postquam
1047 2465 1210 2494 pei-atiquod
1222 2469 1324 2494 tempus
1335 2471 1387 2487 non
1399 2467 1570 2492 conceperat,
1590 2461 1703 2485 celerius
1715 2460 1818 2489 concipi
1837 2459 1908 2482 sulec
1926 2459 1998 2482 inita.

225 2519 255 2549 3)
275 2521 325 2544 Pro
345 2513 440 2560 l÷a55¹
459 2522 483 2545 in
504 2521 596 2545 codiee
616 2522 684 2544 beat.
704 2522 734 2544 de
752 2520 836 2552 sacyi
855 2520 948 2543 metius
969 2504 1047 2558 &53
1066 2520 1176 2551 legitur.
1211 2520 1240 2543 lu
1259 2518 1383 2543 Meidauii
1401 2524 1484 2548 opere
1502 2517 1562 2540 '1¹.1.
1578 2523 1602 2546 p.
1615 2517 1677 2539 6-16.
1697 2519 1752 2538 tres
1773 2515 1875 2544 priores
1896 2519 1993 2537 versus

276 2570 356 2599 paulo
374 2570 455 2594 aliter
472 2570 611 2601 leguntur.
