2247 2865
1005 110 1271 142 -244-

245 216 274 246 1.
302 216 410 244 Vicini
426 223 485 252 per
507 213 636 252 aliquod
656 214 778 250 tempus
802 219 851 240 me
873 210 1040 239 dua-erunt
1059 211 1090 237 et
1110 217 1166 246 eqo
1189 217 1242 237 eos
1262 208 1362 244 ἄησι-ι’,-
1386 209 1452 236 tum
1468 207 1506 236 ab
1522 208 1562 236 iis
1577 208 1748 244 separatu-⁹
1765 215 1845 240 eum,
1867 209 1903 235 a!
1923 205 2035 235 cameli

857 266 918 292 mei
937 263 1091 291 desiderio
1114 271 1178 290 mm
1199 262 1420 299 adficerentur.

343 337 388 368 Se
414 346 484 368 cum
511 336 625 366 vicinis
656 345 713 375 per
741 333 867 373 aliquod
897 336 1025 372 tempus
1050 331 1189 370 vixisse,
1228 334 1264 360 ut
1291 330 1330 360 ab
1356 330 1392 360 iis
1421 339 1482 360 non
1509 333 1738 369 separaretur,
1774 331 1839 359 tum
1867 338 1946 359 vero
1972 339 2035 360 una

245 401 316 431 vice
344 391 578 439 post'alteram
608 398 647 428 ab
674 397 712 426 iis
740 406 777 426 se
803 395 1018 435 discessisse,
1054 398 1090 424 ut
1124 393 1186 432 ipsi
1221 393 1332 422 cameli
1358 393 1518 423 discessui
1545 391 1773 423 adsuefierent.
1813 391 1874 430 Qui
1901 391 2033 421 alterum

244 462 329 493 ducit
355 465 409 492 aut
435 462 472 491 ab
500 460 599 490 altero
629 459 766 499 ducitur,
794 458 833 487 ab
860 466 898 487 eo
927 466 964 486 se
990 465 1053 486 nou
1078 459 1218 495 separat.
1252 455 1363 485 Verba
1390 464 1510 484 versus
1537 455 1636 495 igitur
1663 454 1864 496 significant,
1905 457 2032 493 poetam

244 535 300 565 per
326 523 451 564 aliquod
480 528 607 562 tempus
633 531 762 561 semper
788 530 860 551 cum
887 521 924 550 iis
950 523 1118 549 versatum
1143 526 1230 546 esse.
1260 517 1362 546 Poeta
1387 526 1482 555 quum
1500 516 1531 546 in
1543 517 1733 547 carminibus
1752 516 1821 546 suis
1841 515 2031 546 camelorum

244 587 374 618 multam
401 585 591 615 mentionem
618 584 753 623 faceret,
779 583 911 614 camelis
938 583 1031 624 ipsis,
1056 581 1089 612 id
1117 581 1200 620 quod
1227 579 1350 609 animae
1378 579 1577 609 tribuendum
1602 579 1679 620 fuit,
1707 578 1898 609 desiderium
1916 577 2031 608 tribuit.

244 648 368 679 Cameli
392 651 499 677 autem
527 646 566 676 ad
592 646 694 676 locum
720 644 898 675 adsuefacti
916 644 989 674 inde
1005 643 1189 673 discessum
1210 651 1309 682 aegre
1332 641 1435 672 ferunt
1454 646 1486 671 et
1506 641 1665 671 desiderio
1680 640 1764 681 pleni
1783 645 1816 671 et
1831 640 1956 670 minime
1971 649 2032 680 pa-

243 713 362 741 tientes
394 708 633 740 furibundorum
669 708 771 738 instar
803 710 983 749 vagantur3
1020 705 1081 736 sed
1107 715 1202 746 quum
1230 706 1363 746 saepius
1389 706 1462 736 inde
1489 706 1683 747 abscedunt,
1721 705 1885 736 discessui
1911 704 2031 734 adsue-

242 772 321 803 fiunt
348 775 380 802 et
402 782 459 812 per
488 773 620 813 longum
655 772 810 810 temporis
846 769 987 809 spatium
1020 769 1093 799 inde
1126 768 1238 798 remoti
1275 768 1343 798 eius
1383 768 1626 799 obliviscuntur.
1666 767 1807 798 Camelis
1840 765 2031 796 desiderium

243 840 358 875 poetae
386 844 484 874 saepe
511 835 689 865 tribuerunt
715 832 823 863 conf.
850 833 944 862 Ham.
972 842 1002 871 p.
1032 830 1073 862 ¹1²⁶*
1100 842 1132 862 v.
1164 831 1193 861 1.
1222 832 1254 863 2.
1295 831 1422 862 Littera
1449 830 1457 860 l
1491 832 1521 861 in
1546 840 1628 860 voce
1657 827 1764 867 [en—⁴?
1792 833 1822 859 et
1849 837 1948 859 versu
1974 837 2030 858 se-

241 904 359 938 quente
386 895 455 935 kffsslae
480 897 605 928 nonnisi
631 897 670 926 ob
697 895 969 925 homoioteleuton
995 893 1103 926 addita
1131 899 1193 925 est.
1219 895 1250 924 A
1277 895 1323 925 rei
1350 894 1504 925 metricae
1530 894 1642 934 peritis
1660 889 1786 934 ὀδὼϊῐ
1804 893 1890 936 05>
1916 889 2026 930 appel-

242 962 323 992 latur
351 957 474 1004 (conf.
501 959 570 989 libr.
598 968 701 989 meum
729 968 759 997 p.
788 954 897 1001 310.).

241 1055 311 1099 sp.
335 1055 459 1098 137.)
502 1058 535 1088 2.
559 1056 641 1094 Spes
663 1065 731 1084 mea
752 1057 786 1083 in
805 1059 834 1084 te
853 1057 958 1093 posita.
978 1057 1087 1094 effecit,
1110 1060 1148 1086 ut
1164 1058 1305 1096 fratrum
1327 1067 1465 1086 meorum
1489 1057 1579 1086 haud
1596 1058 1818 1085 reminiscerer
1830 1057 1861 1083 et
1875 1061 1948 1090 opes
1961 1054 2033 1081 tuae

603 1113 779 1150 effecerunt,
803 1113 839 1139 ut
859 1120 952 1147 opum
973 1120 1115 1140 mearum
1137 1113 1171 1140 in
1193 1111 1257 1140 loco
1288 1111 1428 1140 Wahbin
1449 1111 1657 1139 obliviscerer.

245 1219 248 1224 ¹
340 1182 442 1212 Aliam
469 1190 611 1220 causam,
639 1190 696 1210 cur
721 1189 854 1209 suorum
881 1180 1147 1219 oblivisceretur,
1174 1180 1316 1212 adduxit.
1358 1181 1422 1210 Iter
1455 1180 1577 1210 fecisse
1612 1178 1743 1209 videtur
1770 1177 1810 1207 ad
1837 1184 2030 1218 generosum

240 1245 404 1286 quendam,
432 1245 463 1274 in
490 1254 550 1284 quo
577 1253 730 1275 summam
757 1253 847 1282 spem
876 1248 1038 1283 posuerat,
1065 1243 1134 1273 fore
1161 1248 1197 1274 ut
1224 1244 1307 1274 dona
1333 1243 1467 1282 pulchra
1495 1243 1532 1272 ab
1561 1251 1599 1272 eo
1627 1242 1797 1280 acciperet.
1827 1240 1916 1269 Haec
1935 1238 2030 1279 igitur

240 1317 314 1348 spes
343 1318 414 1338 eum
442 1308 473 1337 in
503 1307 695 1337 oblivionem
712 1306 854 1336 adduxit.
883 1306 1102 1336 Abu-Hilalus
1117 1306 1206 1345 dixit,
1227 1314 1358 1336 versum
1372 1305 1482 1334 verbis
1498 1309 1616 1344 poetae
1631 1303 1768 1333 similem
1780 1311 1857 1332 esse
1874 1300 2027 1331 dicentis:

239 1368 346 1413 (metr.
373 1366 486 1412 Wafir)
512 1368 681 1399 Effudit
709 1377 854 1407 aquam
881 1372 923 1397 et
948 1377 1149 1408 vaporem
1175 1366 1488 1407 meridianum¹]
1515 1371 1694 1398 secutus
1722 1370 1798 1396 est.
1826 1365 1903 1395 Vox
1929 1362 2029 1394 Wah-

237 1434 310 1464 bina
336 1433 396 1463 loci
423 1442 537 1462 nomen
568 1431 691 1470 (conf.
720 1431 860 1470 Kamus)
890 1435 942 1460 est
968 1430 998 1460 in
1025 1431 1159 1472 regione
1188 1431 1338 1461 Aldahna
1374 1431 1436 1461 siti.
1477 1430 1584 1460 Habet
1616 1430 1749 1460 formam
1783 1427 1919 1470 genitivi
1954 1427 2028 1466 plu-

239 1497 332 1537 ralis7
371 1500 405 1526 ut
441 1496 471 1524 in
506 1495 651 1524 omnibus
687 1494 816 1524 casibus
856 1493 1019 1523 mutationi
1055 1492 1139 1523 haud
1176 1493 1313 1523 obnoxia
1345 1495 1398 1523 sit.
1442 1493 1533 1524 Licet
1568 1502 1694 1532 quoque
1721 1491 1886 1523 admittere
1912 1499 2027 1520 vocem

238 1557 319 1588 duos
345 1567 441 1588 casus
469 1557 599 1596 babere,
626 1560 660 1586 ut
685 1555 897 1585 nominativus
926 1550 1168 1597 WVahbinoss)
1199 1555 1251 1584 sit.

998 1635 1253 1669 Lxxxll.

862 1703 1007 1738 Alius
1030 1701 1233 1745 quitlann
1257 1700 1395 1737 «lixit.

237 1775 264 1804 1.
290 1773 544 1812 Quofiescwtque
565 1774 667 1811 ylmlii
687 1774 791 1802 nostri
812 1773 870 1809 die,
896 1783 955 1812 quo
979 1772 1111 1801 mullum
1134 1773 1304 1809 sunyteim's
1324 1773 1503 1810 effunditur,
1530 1773 1718 1800 matutinum
1740 1774 1847 1808 potum
1867 1773 2006 1804 sumunt,

235 1843 267 1871 2.
289 1841 410 1870 iwanus
433 1843 598 1869 interiores
620 1841 714 1878 quasi
735 1843 908 1876 suyyestzcs
931 1842 1009 1868 sunl
1032 1842 1063 1868 et
1083 1848 1192 1875 reyum
1217 1840 1321 1876 capita
1345 1849 1450 1868 eorum
1473 1841 1615 1875 ruffinae.

333 1911 366 1940 In
383 1910 474 1940 hisce
487 1910 638 1939 versibus
655 1908 870 1939 fortitudinem
887 1917 1015 1938 suorum
1029 1907 1147 1937 laudat.
1181 1906 1286 1938 Gladii
1302 1907 1433 1937 multum
1446 1907 1636 1948 sanguinem
1650 1905 1833 1945 effundunt3
1861 1915 1922 1935 non
1938 1905 2026 1935 debi-

236 1985 310 2015 lium
329 1985 387 2014 sed
400 1984 525 2015 fortium
545 1993 729 2025 regumque.
758 1983 893 2023 Legitur
908 1991 1033 2021 quoque
1050 1966 1168 2032 &²⁸:²37
1208 1987 1243 2012 ut
1270 1983 1436 2022 passivum
1465 1982 1585 2021 primae
1612 1981 1735 2010 formae
1763 1981 1803 2010 sit
1833 1980 2026 2021 »porrigitur

236 2047 353 2089 gladiis
369 2052 465 2086 potus
480 2047 691 2077 matutinus.«
721 2045 823 2075 Huius
839 2044 965 2086 legendi
980 2045 1064 2074 modi
1077 2043 1319 2076 rationeliabita
1334 2055 1390 2085 pro
1404 2042 1515 2090 &iim-id
1532 2044 1652 2083 (schol.
1674 2046 1692 2090 l.
1710 2044 1761 2086 2.)
1776 2054 1846 2075 cum
1857 2045 2025 2074 Mersukio

234 2107 346 2157 6322...ss
375 2109 545 2150 legendum
575 2114 662 2149 puto.
704 2108 796 2148 Quod
826 2108 853 2137 si
880 2116 960 2137 vero
988 2106 1115 2147 legendi
1141 2106 1255 2136 modus
1284 2108 1382 2137 activi
1410 2112 1543 2146 quartae
1568 2108 1739 2148 recipitur,
1767 2108 1900 2137 verbum
1927 2116 2025 2146 prae-

235 2173 371 2203 dicatum
396 2181 489 2201 suum
517 2172 547 2201 in
573 2172 753 2210 posteriore
781 2180 880 2200 versu
908 2170 1015 2199 habet.
1053 2167 1160 2199 Gladii
1188 2174 1334 2208 tanquam
1362 2179 1522 2210 personae
1550 2175 1659 2209 potum
1687 2171 1873 2204 matutinum
1899 2179 2025 2200 sumere

236 2235 393 2276 dicuntur,
421 2244 516 2274 quum
543 2234 696 2263 matutino
725 2238 870 2272 tempore
899 2237 1042 2272 stragem
1077 2230 1107 2260 in
1143 2231 1255 2261 hostes
1292 2232 1398 2262 edunt.
1441 2231 1547 2262 Gladii
1583 2241 1711 2262 earnem
1745 2232 1842 2262 edere
1879 2232 2023 2262 dicuntur

235 2299 345 2329 Ham.
373 2308 403 2337 p.
435 2299 482 2328 ΡΛῐ
510 2307 543 2327 v.
570 2296 602 2326 3.
633 2297 781 2325 Lanceae
809 2304 932 2334 quoque
960 2295 1068 2338 bibere
1099 2292 1247 2324 dicuntur
1280 2294 1388 2326 conf.
1427 2303 1457 2333 p.
1486 2304 1511 2322 Λ·
1538 2303 1570 2323 v.
1600 2295 1632 2325 4.
1666 2305 1696 2334 p.
1724 2297 1772 2324 l‘vo
1797 2305 1830 2325 v.
1858 2294 1890 2325 3.
1917 2294 2023 2325 conf.

236 2371 266 2401 p.
293 2360 338 2390 i‘lt²
362 2371 395 2390 v.
425 2361 457 2393 4,
485 2359 588 2397 Quum
614 2357 746 2388 verbum
773 2354 857 2386 όόω
884 2356 1054 2395 praecipue
1081 2356 1111 2385 in
1138 2356 1296 2397 sanguine
1323 2356 1525 2394 adhibeatur,
1551 2353 1646 2398 2532...
1674 2371 1739 2399 fix!
1766 2358 1834 2388 dies
1861 2361 1933 2398 est,
1972 2357 2023 2396 qui

253 2443 285 2475 1)
305 2446 398 2475 Vapor
417 2444 578 2468 meridianus
597 2442 710 2473 speciem
730 2447 815 2471 aquae
834 2440 912 2464 offert
931 2443 956 2463 et
974 2440 1102 2464 adeuntes
1121 2439 1203 2463 fallit.
1239 2440 1286 2463 Est
1305 2439 1388 2471 igitur
1407 2440 1564 2464 Abu-Hilali
1583 2440 1735 2471 sententia,
1761 2445 1832 2469 spem
1857 2438 1930 2462 illam
1954 2439 2022 2462 haud

303 2494 402 2516 certam
423 2491 514 2514 fuisse.

251 2545 333 2578 2)1n
359 2545 491 2569 Mersukii
514 2544 635 2575 margine
659 2544 720 2574 lego
753 2540 829 2576 ..2293
857 2546 934 2585 &²
963 2532 1031 2564 &30²
1057 2530 1190 2570 ‘LUQHy
1222 2542 1312 2581 &byn
1345 2537 1467 2580 039599.
1508 2540 1546 2564 De
1571 2541 1678 2570 Sacyus
1701 2539 1725 2562 in
1749 2539 1840 2563 codice
1863 2545 1913 2563 suo
1939 2539 2015 2563 habet

301 2593 413 2635 0539,
426 2584 506 2629 ⁸39,
533 2598 562 2618 ut
581 2593 763 2618 nominativus
781 2591 869 2615 *Vah
881 2591 895 2614 h
908 2597 921 2614 u
934 2597 949 2614 u
969 2597 1026 2613 esse
1044 2588 1137 2619 possit.
