2247 2865
1007 109 1279 140 —176—

245 214 411 250 sequente.
454 208 559 247 Quum
587 207 786 248 persequens
814 208 854 238 ad
880 208 1013 238 alterum
1040 209 1340 248 appropinquasset,
1367 208 1417 239 hic
1443 219 1500 249 per
1525 209 1630 238 Deum
1657 211 1689 239 et
1714 208 1939 249 cognationem
1967 218 2040 240 eum

247 273 428 303 obtestatus
456 276 527 312 est3
556 272 613 302 sed
641 272 722 301 alter
748 271 921 300 verborum
949 270 1065 299 nullam
1094 271 1247 300 rationem
1274 271 1392 301 habuit,
1421 257 1548 300 Accidit
1568 274 1688 310 autem,
1716 274 1762 310 ut,
1791 278 1883 309 quum
1910 279 2041 300 currens

248 333 423 374 fugientem
448 342 552 372 paene
577 332 764 372 attigisset,
792 331 844 360 ille
872 329 956 369 apud
982 330 1110 361 domum
1146 332 1288 361 lanceam
1324 336 1429 361 terrae
1460 331 1587 361 infixam
1621 331 1790 361 inveniret.
1855 331 2043 361 Alkattalus

248 394 358 425 lancea
384 400 492 424 sumta
519 398 630 424 contra
659 402 731 422 eum
759 401 796 421 se
825 395 957 423 vertens
987 405 1059 425 eum
1087 395 1207 426 oceidit
1232 398 1264 425 et
1291 395 1386 435 fugae
1412 405 1450 425 se
1479 395 1574 426 dedit.
1603 395 1711 425 Sociis
1739 395 1839 425 occisi
1867 404 1938 424 eum
1966 404 2043 434 per-

248 456 457 495 sequentibus
484 455 523 485 ad
550 454 644 483 filiam
673 454 777 492 patrui
804 454 968 485 cuiusdam
995 457 1145 487 Sainab
1172 457 1382 496 appellatam,
1417 467 1499 496 quae
1534 458 1572 487 ab
1608 467 1691 497 aqua
1718 462 1842 487 remota
1867 457 2045 498 habitabat,

249 519 279 546 in
306 517 433 547 domuin
460 517 563 546 subito
591 515 738 554 intravit,
776 519 808 546 et
834 517 955 547 mulieri
981 519 1125 559 roganti,
1163 518 1236 558 quid
1264 519 1293 548 ei
1319 519 1587 560 supervenisset,
1625 520 1722 550 dixit:
1760 520 1961 550 Vestimenta
1989 524 2045 550 tua

247 588 346 618 super
373 588 424 607 me
451 571 589 616 proiice!
626 577 830 607 Vestimenta
857 578 952 618 igitur
979 589 1037 610 sua
1064 581 1093 610 ei
1122 580 1239 618 induit,
1280 582 1348 610 rica
1383 581 1464 610 texit
1500 586 1534 611 et
1569 591 1603 611 re
1630 582 1768 612 Alhinna
1795 588 1901 613 sumta
1930 593 2044 613 manus

247 644 317 672 eius
344 640 460 670 infecit.
488 639 539 669 Re
555 644 689 679 peracta
704 641 741 669 ab
758 650 797 670 eo
826 642 974 672 recessit.
1002 643 1235 674 Persecutores
1259 648 1365 673 autem
1383 653 1476 683 quum
1505 643 1544 673 ad
1561 643 1688 674 domum
1716 645 1920 675 transiissent
1944 645 2047 685 ipsam

248 702 417 732 Sainabam
438 710 515 730 esse
527 705 690 741 putantes,
708 702 760 731 ubi
775 703 877 741 turpis
893 708 993 742 esset,
1006 706 1255 745 interrogarunt.
1281 706 1312 734 Is
1327 705 1525 744 respondens
1538 706 1642 745 aliam,
1658 715 1751 744 quam
1772 715 1833 745 qua
1850 707 1920 746 ipse
1941 707 2046 737 iturus

248 769 328 803 erat,
354 763 518 804 regionem
533 764 695 794 iudicavit.
724 765 797 804 lpse
817 770 933 806 autem,
949 776 1041 805 quum
1057 776 1112 797 eos
1128 768 1223 808 longe
1239 771 1378 797 remotos
1393 777 1470 797 esse
1484 767 1594 804 sciret,
1610 768 1703 797 aliam
1715 768 1801 798 viam
1820 771 1992 810 ingressus
2006 770 2046 799 ad

247 828 384 855 montem
401 824 558 864 Alnuajah
574 826 732 864 pervenit.
760 827 805 856 Ibi
820 827 920 858 hosce
934 838 1053 858 versus
1070 830 1264 868 composuit:
1288 831 1397 869 (metr.
1415 831 1559 870 Thau-il)
1578 830 1603 860 D
1615 840 1684 860 eus
1702 840 1773 870 pro
1792 831 1908 862 nobis
1934 828 1989 874 (et
2005 832 2047 861 in

249 889 340 916 eius
361 897 478 916 manu
499 889 782 917 remuneratio
803 885 892 931 est),
912 893 1036 921 monti
1058 891 1285 932 Ahmajjah
1303 894 1449 923 bonum
1469 893 1701 933 retribuat,
1722 893 1791 931 qui
1809 893 2048 923 cuiuslibet

250 949 448 988 propulsi
477 954 612 979 mater
639 951 797 990 (pater)
824 956 900 981 est.
929 953 989 982 Ne
1017 963 1105 983 eum
1131 954 1355 994 despiciat
1381 962 1499 995 gens,
1529 954 1631 983 siin
1659 963 1703 983 eo
1731 953 1917 995 habitat,
1946 958 1986 984 et
2012 954 2049 984 si

249 1021 327 1041 rex
353 1021 512 1041 omnem
554 1013 826 1043 tabellarium
865 1015 1000 1050 mittit,
1062 1017 1163 1046 Eius
1203 1016 1330 1046 omnis
1369 1016 1498 1046 collis
1539 1016 1728 1045 eminens
1771 1016 1898 1058 longo
1938 1018 2049 1047 eollo

251 1074 474 1114 praeditus
502 1085 612 1105 mons
640 1086 698 1105 me
727 1076 926 1107 defendit
953 1083 994 1108 et
1020 1080 1155 1109 omnis
1183 1085 1303 1119 petra
1328 1080 1469 1109 multis
1496 1079 1722 1109 scrobibus
1750 1079 1949 1118 praedita
1967 1079 2048 1110 dif-

250 1138 385 1168 ficilis
415 1138 643 1168 adscensu.
697 1140 732 1168 In
759 1149 822 1178 quo
850 1145 957 1170 monte
984 1150 1079 1180 quum
1109 1152 1166 1180 per
1194 1141 1346 1179 temporis
1381 1141 1521 1180 spatium
1557 1146 1823 1178 commoraretur,
1858 1141 1959 1171 fratre
1994 1151 2048 1172 res

249 1199 311 1237 ipsi
335 1199 538 1228 necessarias
565 1199 731 1228 adferente
761 1200 878 1238 pardus
904 1201 943 1231 ad
971 1212 1041 1231 eum
1068 1207 1235 1241 tantopere
1263 1213 1300 1232 se
1327 1203 1497 1243 adsuevit,
1537 1208 1572 1234 ut
1606 1213 1686 1234 unus
1724 1204 1860 1233 alterum
1898 1204 2048 1244 praedae,

252 1270 347 1300 quam
388 1261 535 1291 venando
570 1262 725 1301 cepisset,
765 1264 948 1303 participem
988 1265 1118 1294 faceret.
1179 1265 1295 1294 Frater
1334 1264 1457 1294 iuterim
1495 1275 1551 1304 pro
1591 1274 1629 1294 eo
1666 1275 1776 1304 pacem
1808 1274 1879 1295 cum
1915 1266 2048 1296 inimicis

251 1318 319 1358 (lb
345 1318 451 1359 963.)
484 1325 674 1362 composuit.
714 1325 811 1355 Cuius
850 1326 895 1354 rei
926 1327 1064 1356 nuntium
1101 1336 1173 1356 cum
1207 1327 1331 1356 adiutor
1345 1326 1371 1365 ¹)
1408 1327 1580 1357 adtulisset
1616 1331 1648 1356 et
1684 1332 1817 1366 uterque
1845 1336 1864 1356 a
1889 1327 2047 1358 montibus

249 1385 485 1415 descendentes
501 1386 529 1415 in
549 1395 676 1425 campos
696 1387 946 1425 descendissent,
966 1388 1084 1427 pardus
1103 1389 1237 1418 abeundi
1257 1389 1453 1418 voluntatem
1475 1398 1679 1429 cognoscens
1698 1388 1789 1418 modo
1812 1388 1851 1418 ad
1868 1388 2047 1430 dexterum,

250 1447 342 1477 modo
371 1448 410 1477 ad
440 1448 614 1485 sinistrum,
641 1448 734 1477 modo
765 1454 837 1478 ante
863 1459 945 1490 eum,
974 1450 1066 1479 modo
1095 1455 1169 1489 post
1195 1460 1267 1479 euni
1297 1451 1432 1487 transiit,
1462 1456 1496 1480 ut
1522 1451 1572 1480 vir
1593 1451 1705 1480 timore
1725 1456 1915 1490 commotus,
1942 1461 1981 1481 ne
2008 1452 2047 1482 ab

251 1519 289 1539 eo
316 1509 528 1548 occideretur,
558 1510 677 1551 sagitta
702 1521 773 1541 eum
801 1517 940 1543 necaret.
973 1513 1076 1543 Huius
1104 1516 1212 1542 autem
1240 1514 1286 1541 rei
1313 1513 1342 1541 in
1360 1513 1509 1542 versibus
1527 1513 1735 1551 sequentibus
1755 1513 1945 1543 mentionem
1971 1513 2049 1544 fecit

258 1574 387 1604 dicens:
423 1575 530 1613 (metr.
560 1575 685 1605 'l'hawil
712 1578 811 1614 prima
839 1576 963 1615 syllaba
991 1575 1133 1615 abjecta)
1161 1576 1402 1605 Merwanus
1437 1575 1484 1605 ad
1520 1585 1579 1604 me
1612 1575 1799 1605 nuntium
1833 1576 1967 1617 misit,
2005 1581 2048 1607 ut

255 1635 302 1665 ad
330 1645 413 1665 eum
441 1636 632 1665 venirem.
672 1636 758 1675 Ego
787 1645 886 1665 sane
914 1639 1049 1666 errori
1078 1637 1331 1667 insistebam
1359 1634 1628 1677 (leg-MHD-
1659 1637 1752 1667 Non
1772 1647 1830 1667 me
1857 1637 2046 1668 inobedi-

251 1698 384 1737 entia,
412 1707 489 1727 non
516 1698 640 1739 longa
665 1699 734 1728 via
761 1699 926 1728 itineris
955 1709 1011 1729 me
1048 1700 1248 1740 retinuit,
1286 1700 1355 1730 sed
1389 1700 1598 1730 Met-want
1637 1709 1849 1730 carcerem
1885 1705 2046 1732 metue-

251 1758 346 1788 bam.
374 1759 415 1787 ln
442 1759 534 1789 loco
562 1759 926 1790 Saliat-Alahnka
954 1765 1025 1790 aut
1053 1762 1091 1791 in
1118 1767 1255 1792 moute
1284 1759 1574 1805 Alahmajalm)
1602 1762 1734 1792 autin
1762 1762 1963 1793 Alodama
1997 1764 2045 1794 ab

251 1819 511 1850 inimicorum
536 1825 645 1850 metu
673 1821 876 1861 refugium
905 1822 1002 1852 inihi
1030 1828 1133 1853 erat.
1174 1825 1219 1853 In
1245 1830 1365 1854 antro
1401 1825 1549 1854 socius
1587 1824 1682 1854 mihi
1718 1829 1827 1863 erat,
1865 1828 1903 1854 et
1939 1834 2047 1864 quam

253 1886 483 1920 praestans
512 1884 647 1912 socius
675 1883 959 1923 Abu-1·Djaun
986 1886 1188 1925 (pardus),
1215 1886 1294 1916 nisi
1322 1885 1427 1924 quod
1464 1885 1631 1914 lenibus
1666 1885 1817 1914 verbis
1854 1886 2046 1925 quietari

253 1951 328 1971 non
354 1948 532 1981 poterat.
584 1945 692 1974 Verba
721 1945 788 1975 eius
819 1946 923 1981 μὰψ,
951 1951 1037 1974 αλλ-Φ
1074 1948 1158 1978 laudi
1186 1948 1378 1977 inverviunt.
1431 1947 1604 1976 Relatorcs
1639 1947 1677 1976 iis
1713 1956 1844 1977 sensum
1875 1948 2047 1979 verborum

251 2004 324 2047 Ρ)
343 2018 385 2040 <1⁸
398 2001 481 2032 «ἑᾶς
500 2005 664 2043 (tanquam
681 2008 731 2035 vir
746 2007 799 2035 tibi
815 2007 950 2046 sufficit)
971 2009 1109 2039 tribuunt
1134 2015 1166 2040 et
1184 2010 1263 2040 haee
1284 2010 1350 2040 fere
1372 2010 1504 2039 intentio
1523 2011 1630 2040 verbis
1650 2010 1741 2041 inest.
1772 2012 1975 2042 Derivandus
1996 2018 2049 2043 est

252 2063 396 2102 loquendi
426 2066 533 2095 modus
559 2076 575 2095 a
594 2068 700 2096 verbis
722 2058 832 2103 ..bg-'eii
851 2074 959 2099 020&
987 2071 1149 2109 (destruxi
1174 2072 1358 2110 parietem),
1374 2077 1406 2101 ut
1423 2082 1543 2101 sensus
1563 2073 1623 2102 sit:
1654 2074 1737 2103 »Hic
1765 2074 1813 2103 vir
1843 2079 1875 2103 te
1902 2075 2046 2105 vincet«.

253 2124 369 2154 Dicunt
396 2134 520 2164 quoque
543 2128 616 2172 μιᾳ)
636 2144 677 2166 0⁴
696 2127 783 2157 250&ss
798 2133 885 2171 s5>st
907 2140 986 2177 ²⁴³)st
1014 2137 1047 2161 et
1074 2135 1148 2162 voci
1176 2142 1287 2162 casum
1316 2134 1491 2172 genitivum
1512 2139 1658 2174 tanquam
1680 2136 1848 2176 adiectivo,
1877 2146 1945 2166 eam
1972 2142 2045 2167 tan-

258 2195 350 2224 quam
376 2196 491 2216 nomen
518 2189 714 2228 adhibentes,
744 2192 828 2221 dant.
855 2193 1129 2233 Significationein
1156 2195 1446 2233 separationis
1474 2195 1587 2234 habet:
1618 2199 1708 2236 quasi
1735 2197 1852 2227 dixerit
1877 2197 1917 2227 ad
1943 2197 2047 2227 virum

255 2248 379 2288 transii,
407 2248 495 2287 (qui)
525 2250 577 2278 tibi
604 2253 766 2289 separatio
796 2260 856 2284 est.
910 2255 1017 2284 Verba
1044 2245 1141 2298 0535
1168 2255 1219 2296 53⁸
1255 2255 1383 2294 pardum
1422 2256 1599 2296 designant.
1653 2258 1728 2287 Vox
1754 2257 1829 2295 ..i—³²?-
1848 2255 1867 2286 ἵ
1895 2262 1950 2288 aut
1976 2266 2045 2287 cum

255 2311 422 2339 vocalibus
452 2311 559 2348 activi,
589 2318 622 2341 ut
652 2315 733 2343 actio
762 2315 859 2354 pardo
888 2316 1111 2356 adscribatur,
1141 2321 1195 2346 aut
1221 2317 1346 2355 passivi
1385 2317 1494 2347 ess'erri
1530 2323 1660 2360 potest,
1687 2324 1721 2349 ut
1746 2319 1775 2349 is
1801 2322 1863 2358 sit,
1887 2320 1919 2348 in
1949 2328 2044 2358 quem

272 2445 301 2476 l]
321 2447 358 2469 De
378 2448 485 2476 Sacyus
504 2448 656 2477 suspicatus
677 2453 725 2475 est,
746 2450 886 2479 legendnm
906 2452 1037 2474 esseloco
1054 2452 1129 2475 vocis
1149 2448 1230 2491 5520&
1253 2459 1344 2476 vocem
1363 2445 1460 2492 2³74>b
1481 2458 1521 2478 »et
1540 2456 1563 2479 ei
1582 2457 1742 2481 nuntiavit«.

273 2509 304 2535 2)
325 2509 352 2531 ln
373 2510 490 2534 Ramuso
510 2513 547 2535 nil
568 2514 691 2543 legimus,
710 2513 760 2536 uisi
781 2514 850 2542 quod
877 2520 970 2536 nornen
996 2516 1092 2538 munti<
1119 2518 1161 2539 sit.
1197 2517 1297 2540 Vocem
1325 2524 1417 2546 poetae
1442 2520 1467 2542 in
1497 2526 1608 2543 numero
1632 2519 1721 2543 dualis
1738 2517 1897 2541 adhibuisse·
1916 2508 2041 2557 3-5-2203i

319 2565 414 2583 nomen
433 2561 488 2585 luci
508 2568 567 2585 esse
587 2563 611 2586 in
634 2564 750 2586 Ksnuiusu
774 2563 901 2593 legimus:
921 2563 951 2586 tle
970 2564 1030 2587 locu
1052 2559 1138 2588 &gaji
1166 2562 1261 2590 ii>tm
1279 2568 1316 2591 nil
1337 2569 1429 2592 habeo.
