2247 2865
994 92 1268 124 —340—

233 200 338 238 Quot
366 199 469 240 dies,
498 207 667 238 quorum
696 201 821 227 aestu
850 192 1036 229 adflicti,
1066 193 1151 223 etsi
1178 193 1291 234 ignis
1320 201 1399 222 non
1426 195 1534 230 erat,
1561 200 1694 231 super
1714 191 1859 231 prunis
1879 192 2026 222 sedere

232 263 514 300 videbantur,
541 262 758 301 patienter
785 267 863 289 nos
891 256 1194 295 toleravimuS,
1235 254 1370 285 donec
1407 255 1528 285 finiti
1566 260 1703 296 erant3
1742 264 1826 284 nam
1860 255 2024 285 calami-

232 326 338 356 tatis
366 325 456 355 dies
482 324 653 354 nonnisi
680 320 892 362 patientia
919 320 1173 348 removetur.

230 443 263 473 9.
288 443 408 473 Crania
431 445 568 471 virorum
593 440 681 468 nobis
703 439 930 467 honoratorum
951 434 1180 467 dividebamus,
1205 433 1278 461 dum
1301 442 1378 470 erpa
1401 441 1459 462 nos
1481 434 1692 470 immortiyeri
1711 434 1884 472 iniustique
1905 437 2006 462 erant.

230 511 286 541 10.
310 511 355 540 Et
376 519 471 549 qemm
495 517 630 537 umorem
652 506 732 535 milti
753 504 895 534 inutilem
919 511 989 531 esse
1014 502 1170 536 vidissem,
1195 500 1238 528 ad
1257 508 1338 534 rem,
1364 508 1445 537 quae
1463 500 1650 537 prudentiae
1671 501 1773 537 maqz's
1797 502 1955 533 convenit,
1980 510 2029 529 me

1054 557 1202 584 converti.

231 627 448 673 (ahian.)
501 632 627 661 Versus
656 629 740 669 prior
775 628 805 658 in
832 627 960 658 scholiis
998 624 1144 655 carminis
1177 623 1435 654 Ebu-Alibduni
1473 633 1502 663 p.
1532 625 1573 654 l‘lo
1608 624 1726 654 citatus
1754 628 1815 655 est.
1853 625 2025 665 Seviros,

230 697 291 727 etsi
318 695 446 726 vinculo
474 694 676 735 cognationis
705 691 886 729 amorisque
914 698 986 719 cum
1015 687 1096 727 ipsis
1132 687 1292 717 coniuncti
1328 686 1414 724 sint,
1452 695 1546 726 quum
1582 687 1700 717 amoris
1736 686 2025 717 manifestationem

229 768 308 799 erga
337 758 419 797 illos,
449 756 568 786 iniuste
595 757 731 795 agentes
759 756 791 782 et
816 753 846 781 in
872 751 1003 781 iniustia
1021 753 1290 788 perserverantes
1309 749 1447 779 inutilem
1466 748 1711 789 cognovissent,
1739 749 1886 779 occidere
1907 755 2024 781 narrat.

231 822 276 851 Se
304 821 342 850 iis
370 825 464 850 antea
493 819 680 859 pepercisse
707 816 784 846 vult.
840 816 926 845 hoco
963 814 1054 844 vocis
1089 808 1170 857 23¹2>)
1208 811 1239 840 in
1274 811 1436 841 Mersulzii
1471 811 1579 841 codice
1605 806 1674 851 &¹5⁸
1703 811 1831 852 legitur.
1884 813 2024 844 Priorem

232 893 363 915 versum
392 881 632 920 Moahwijahus
658 879 782 909 dixisse
810 878 912 907 fertur
937 880 1093 915 tempore,
1121 884 1184 914 quo
1211 874 1367 914 Hosaini,
1394 874 1449 904 filii
1476 873 1580 915 Ahlii,
1609 880 1706 914 caput
1733 879 1808 905 ante
1835 876 1938 914 ipsum
1966 876 2026 906 de-

232 950 412 987 poneretur.
467 943 670 973 Seholiastes
694 941 734 972 ad
762 940 972 980 posteriorem
999 947 1130 969 versum
1156 937 1314 967 Mersukii
1342 937 1601 967 commentarium
1634 938 1822 968 exscribens
1850 939 2025 980 adnotavit,

237 1020 256 1039 n
284 1009 382 1039 hocce
409 1017 510 1036 versu
537 1005 716 1036 cautionem
742 1012 766 1033 s.
795 1003 994 1042 prudentiam
1021 1002 1141 1048 (χορ)
1170 1002 1215 1031 rei
1244 1002 1358 1043 tribui,
1395 1002 1479 1032 sicut
1516 1004 1788 1042 propositum
1823 1005 1882 1035 rei
1916 1006 2024 1053 (²⁴5⁸)

230 1074 261 1103 in
288 1073 408 1103 Corani
436 1071 503 1099 loco
522 1065 593 1113 5⁸35
622 1080 692 1116 “j-²
719 1065 759 1095 535
789 1065 912 1105 (conf.
942 1065 1017 1094 Sur.
1044 1064 1102 1103 47,
1130 1064 1217 1104 23).
1270 1064 1406 1094 Silentio
1434 1065 1750 1103 praetermittendum
1779 1076 1839 1096 non
1867 1073 1931 1109 est,
1957 1069 2025 1099 're-

226 1135 357 1166 brisium
385 1132 503 1163 Coi-ani
539 1132 644 1161 locum
671 1140 690 1160 a
717 1129 884 1159 Mersukio
924 1128 1054 1157 citatum
1093 1129 1278 1157 correxisse
1313 1127 1496 1165 (rarissime
1533 1132 1640 1158 autem
1678 1131 1857 1171 corrigendi
1893 1141 2023 1163 causam

226 1198 344 1237 videt).
397 1195 585 1226 Mersukius
615 1194 718 1224 locum
746 1191 845 1232 &53²5
865 1188 933 1235 yffi
962 1203 1032 1238 fija:
1060 1186 1110 1220 ists
1144 1192 1246 1221 citans
1284 1190 1378 1220 finem
1416 1191 1475 1220 loci
1512 1201 1583 1222 cum
1620 1193 1722 1222 altero
1750 1193 1842 1232 (Sur.
1871 1193 1905 1235 3,
1924 1194 2023 1235 153.)

226 1260 327 1301 ,μ’-,3ο
352 1270 453 1306 v-W‘jss
481 1252 530 1286 leb
561 1256 745 1287 confudisse
772 1255 911 1285 videtur.
963 1254 1019 1284 Nil
1058 1263 1184 1294 quoque
1220 1255 1345 1294 obstat,
1383 1255 1549 1294 quominus
1588 1258 1663 1285 voci
1691 1256 1783 1304 lej>l
1812 1257 2024 1296 comparativi

226 1323 417 1365 significatio
445 1321 647 1351 adscribatur
675 1319 805 1349 omissis
831 1317 941 1348 verbis
969 1321 1036 1363 εἱς-ὲ
1062 1332 1126 1356 00.
1179 1317 1221 1347 Ut
1256 1318 1338 1347 enim
1377 1318 1593 1357 praedicatum
1619 1323 1720 1349 totum
1748 1328 1782 1349 re
1811 1319 1945 1359 quadam
1972 1319 2023 1349 in-

225 1387 360 1417 dicatum
387 1384 542 1425 abiicitur,
569 1383 618 1412 sic
645 1381 821 1422 praedicati
852 1390 926 1421 pars
954 1380 1056 1410 omitti
1083 1380 1171 1421 licet,
1200 1389 1304 1419 neque
1331 1389 1432 1410 sensu
1455 1381 1636 1411 sententiae
1655 1381 1807 1422 ambiguo
1825 1391 1928 1421 neque
1948 1392 2022 1413 ser-

226 1450 328 1479 monis
356 1447 465 1477 ordine
491 1444 661 1475 dissoluto.
715 1445 801 1474 Ante
831 1453 947 1474 vocem
974 1439 1037 1484 0253
1064 1442 1259 1473 antecedens
1286 1451 1335 1472 ex⁴
1365 1452 1414 1483 gr.
1442 1440 1536 1488 ‘’hb“
1562 1446 1617 1473 aut
1641 1438 1753 1473 stans·
1779 1449 1833 1474 aut
1854 1440 1940 1490 ,kg-Ibi
1958 1449 2022 1475 etc.

225 1513 379 1541 omissum
408 1514 470 1539 est.

225 1617 274 1647 11.
297 1618 369 1654 qu
393 1619 497 1646 aulem
520 1619 615 1645 vitam
636 1625 695 1653 pro
717 1615 867 1651 despectu
890 1622 953 1642 non
976 1622 1041 1642 emo
1064 1616 1096 1642 et
1116 1614 1152 1642 ob
1175 1615 1285 1642 mortis
1308 1617 1422 1642 metum
1445 1614 1564 1643 scalam
1587 1623 1651 1643 non
1673 1616 1856 1644 conscendo.

324 1699 370 1729 Se
397 1699 442 1728 ita
469 1708 568 1739 agere
601 1697 692 1735 dicit,
731 1696 814 1735 quod
849 1701 980 1726 mortem
1008 1695 1158 1726 dedecori
1186 1695 1347 1735 praeferat
1383 1701 1416 1726 et
1454 1696 1539 1726 nullo
1580 1697 1691 1727 mortis
1720 1697 1834 1727 timore
1860 1701 2020 1728 teneatur.

225 1764 258 1792 ln
284 1771 383 1792 versu
414 1763 483 1791 loeo
511 1761 603 1791 vocis
630 1759 737 1793 wli
765 1760 883 1800 legitur
909 1757 1038 1799 φῶ).
1092 1760 1165 1788 Hoc
1191 1768 1324 1788 versum
1362 1769 1433 1789 cum
1468 1760 1679 1790 antecedente
1706 1761 1814 1791 intime
1841 1761 2019 1802 coniungit,

224 1825 300 1855 illud
327 1834 453 1855 cansam
481 1823 701 1854 antecedentis
729 1823 855 1852 indicat.
894 1823 955 1852 Pro
984 1831 1067 1851 voce
1094 1815 1172 1850 ’ἀλλ-ι
1200 1822 1316 1862 legitur
1344 1831 1469 1861 quoque
1496 1825 1598 1862 ψῃ
1637 1833 1707 1853 eam
1735 1823 1929 1854 scholiastes
1957 1834 2020 1854 ex—

225 1888 374 1927 plicavit,
402 1887 536 1916 indolem
563 1895 640 1915 esse
668 1886 793 1926 dicens,
828 1885 866 1913 ol)
896 1894 988 1923 quam
1016 1884 1085 1923 quis
1113 1885 1324 1923 vituperetur.
1379 1885 1487 1915 Verba
1520 1890 1643 1915 autem:
1676 1885 1736 1916 nob
1763 1887 1872 1917 mortis
1900 1891 2019 1917 metum

223 1953 343 1982 scalam
370 1960 431 1980 non
459 1950 663 1981 conscendo«
695 1948 739 1978 nil
766 1948 950 1989 significare
980 1947 1142 1986 videntur,
1180 1947 1241 1977 nisi
1270 1957 1342 1977 eum
1372 1947 1410 1976 ob
1438 1948 1550 1978 mortis
1580 1953 1697 1978 metum
1724 1949 1755 1978 in
1782 1949 1882 1979 locum
1909 1949 2018 1989 altum,

225 2020 259 2045 ut
285 2019 374 2044 tutus
401 2015 466 2054 sit,
494 2022 555 2042 non
585 2013 710 2054 fugere,
746 2011 1009 2052 quemadmodum
1036 2011 1126 2051 quiS,
1164 2015 1199 2040 ut
1225 2010 1326 2039 undas
1355 2009 1466 2039 mortis
1495 2009 1618 2049 (conf.
1647 2011 1740 2040 Ham.
1768 2020 1798 2050 p.
1828 2011 1877 2041 ΡΗ
1906 2021 1937 2043 ν.
1965 2010 2018 2049 2.)

223 2077 370 2118 effugiat,
400 2086 460 2116 ope
487 2076 594 2106 scalae
620 2075 724 2105 locum
752 2076 850 2105 altum
878 2075 958 2113 petit
985 2072 1110 2112 (conf.
1139 2072 1233 2102 Ham.
1262 2081 1292 2111 p.
1322 2070 1362 2101 ir‘l
1390 2081 1422 2101 v.
1452 2071 1485 2105 3,
1513 2076 1546 2102 et
1573 2081 1602 2111 p.
1629 2070 1681 2102 fr?
1709 2082 1741 2102 v.
1770 2072 1832 2112 5.).
1873 2071 2017 2102 Eundem

223 2148 353 2169 sensum
379 2138 537 2168 Soliairus
566 2139 595 2168 in
624 2138 779 2168 Moallak.
808 2147 839 2167 v.
867 2138 923 2167 54.
951 2134 1125 2175 expressit.

324 2201 405 2232 Res
435 2202 482 2232 de
511 2202 704 2231 Hozaino
732 2202 761 2230 b.
790 2200 1003 2231 Alliomam
1031 2199 1216 2228 Morrita
1246 2202 1482 2239 narratae3

322 2262 572 2302 Abu—Rijaselio
601 2263 808 2302 grammatico
835 2265 966 2291 auctore
994 2270 1104 2300 causa,
1131 2270 1187 2290 cur
1207 2261 1372 2289 llozainus
1389 2258 1578 2289 Chozailahi
1605 2259 1634 2288 in
1661 2259 1809 2289 versibus
1825 2258 2015 2288 mentionem

223 2325 369 2364 fecisset,
399 2324 471 2353 talis
500 2323 614 2353 suerat.
651 2323 710 2353 Vir
738 2323 869 2352 Morrah
897 2323 924 2354 b.
953 2323 1046 2353 Aulis
1070 2323 1217 2353 feminam
1232 2321 1396 2351 Molaicah
1414 2322 1619 2363 appellatam,
1636 2320 1732 2352 filiam
1748 2322 1857 2352 Malioi
1876 2322 1904 2352 b.
1924 2321 2016 2352 Cho-

223 2387 339 2428 zailah,
367 2387 407 2417 ad
434 2393 563 2428 gentem
597 2385 729 2416 Mori-ah
760 2386 972 2425 pertinentem
1000 2386 1029 2414 in
1059 2386 1289 2415 matrimonium
1318 2384 1466 2426 duxerat,
1497 2385 1582 2415 unde
1609 2384 1709 2415 Sahm
1737 2385 1767 2415 b.
1793 2383 1937 2424 Morrah,
1965 2384 2016 2414 fa-

222 2449 306 2479 mssia
331 2450 468 2479 Hozaiui
504 2449 657 2489 originem
695 2447 794 2478 duxit.
862 2447 941 2476 Post
969 2456 1063 2486 quum
1105 2447 1251 2476 seminam
1289 2445 1456 2477 narkafah
1493 2447 1698 2487 appellatam,
1725 2446 1957 2485 Balawiticam,
1985 2445 2016 2475 in

221 2511 454 2541 matrimonium
482 2511 641 2551 petiisset,
669 2520 707 2539 ea
735 2519 772 2538 se
799 2509 827 2538 ei
854 2512 1023 2547 nupturam
1051 2518 1129 2538 esse
1156 2508 1246 2549 dixit,
1274 2509 1302 2537 si
1329 2509 1541 2547 iureiurando,
1571 2519 1608 2539 se
1634 2510 1696 2549 ipsi
1722 2509 1855 2539 alteram
1881 2517 2016 2539 uxorem

222 2582 283 2602 non
311 2572 490 2603 additurum
519 2583 606 2613 csse,
635 2572 842 2612 promitteret.
870 2570 991 2601 Iuravit
1019 2571 1116 2611 igitur
1146 2579 1202 2609 per
1230 2569 1309 2600 duas
1333 2570 1438 2600 Ossas
1465 2573 1496 2600 et
1523 2580 1578 2610 per
1593 2569 1823 2610 Metsdjaram,
1850 2578 1932 2609 quae
1959 2578 2016 2609 per
