2247 2865
984 95 1250 126 -422-

222 205 284 235 hoc
312 202 342 232 in
367 201 435 231 loco
464 200 573 229 vinum
600 197 732 228 mixtum
758 195 941 237 significare
968 194 1095 225 dubium
1121 204 1182 224 non
1208 199 1269 225 est.
1298 195 1334 225 Si
1359 194 1534 224 vertimus:
1566 193 1659 225 »Etsi
1689 193 1821 225 mixtum
1847 197 1919 224 est«
1948 195 2010 226 hoc

221 264 403 307 significare
431 266 547 302 potest,
576 261 637 290 etsi
664 259 704 290 ad
729 259 896 289 bibendum
927 257 1088 288 miscendo
1113 261 1257 296 paratum
1286 256 1391 295 adest,
1418 261 1452 287 nt
1479 257 1580 287 verba
1606 255 1707 294 &tm-all
1734 254 1802 286 &il-s
1828 266 1901 289 cum
1926 267 2011 288 voce

223 323 337 371 2³52*ss
367 322 587 364 coniungenda
614 324 685 352 sint.
722 320 789 351 Sed
804 319 951 359 praefero
979 319 1052 349 voci
1078 315 1168 356 ψὶὲιὲ
1198 319 1263 349 vini
1289 320 1375 349 mixti
1403 319 1669 361 significationem
1700 320 1839 351 tribuere
1866 324 1899 350 et
1913 320 2013 351 verba

226 385 329 428 &mail
355 383 422 415 adl-s
449 395 521 416 cum
549 393 588 414 ea
616 383 775 422 coniungo
798 381 817 410 i.
846 391 874 410 e.
902 381 976 411 illud
1004 383 1137 410 mixtum
1163 381 1269 410 vinum
1297 381 1462 418 dulcedine
1488 383 1550 412 mel
1577 392 1654 412 esse
1680 383 1804 413 videtur
1830 383 1850 412 i.
1871 393 1899 413 e.
1927 383 2013 422 opti-

224 461 308 483 mum
332 450 451 479 vinum.
503 448 544 477 Et
572 450 668 486 poeta
695 444 912 474 Abu-Dsuaib
949 445 1025 474 voci
1051 455 1123 496 U*
1149 443 1283 473 eandem
1316 444 1580 484 significationem
1616 448 1647 475 in
1679 451 1835 484 sequente
1867 446 2014 476 hemisti-

226 515 296 546 chio
323 513 409 543 dedit
447 512 555 550 (metr.
583 509 747 547 Thawil):
786 505 851 536 μω
878 503 1024 550 ommis-1
1051 502 1108 543 lv]
1137 518 1220 558 '65⁴³
1249 499 1319 544 εἱέ
1359 507 1409 536 Et
1441 507 1607 538 adtulit
1641 508 1782 538 vinum
1817 507 2014 549 mixtum,

229 579 293 608 cui
319 574 458 605 simile
484 572 678 602 homines
706 580 783 599 non
809 568 1017 598 viderant.
1069 567 1136 597 Sed
1163 567 1288 597 silentio
1316 568 1583 606 praetereundum
1602 580 1664 600 non
1690 575 1754 611 est,
1780 570 2016 611 grammaticum

232 635 398 668 Alazmiiib
427 633 613 673 Misdjin
649 642 762 662 vocem
795 630 1063 671 pronunciandam
1097 635 1245 669 putasse.
1298 629 1392 667 Quod
1424 631 1452 660 si
1487 631 1555 662 loco
1582 633 1672 662 vocis
1701 628 1774 661 lai-b&
1799 632 1917 674 legitur
1943 627 2015 680 labo)

231 699 391 740 (saliva),
429 697 460 726 id
496 695 581 736 quod
616 696 720 725 minus
755 695 879 735 placet,
916 702 1032 722 versus
1066 692 1105 721 de
1138 692 1302 722 mulierum
1329 693 1489 722 consortio
1516 693 1741 733 intelligendus
1777 698 1839 723 est.
1892 694 2018 724 Arabes

231 767 357 794 amatae
383 761 520 791 salivam
549 759 742 798 saepissime
769 767 841 787 eum
867 756 941 785 vino
970 758 1193 793 compararunt
1218 753 1323 783 conf.
1349 754 1500 784 Abulfed.
1523 756 1605 785 Ann.
1625 756 1662 785 Τ.
1684 756 1737 786 111.
1765 767 1795 796 p.
1812 757 1869 787 88.
1898 757 2019 787 Amrn-

237 823 351 855 l'Kais.
378 822 488 852 Moall.
515 831 547 851 v.
571 821 602 851 7.
630 825 663 850 et
690 821 833 850 Antarae
861 818 970 848 Moall.
998 827 1031 846 v-
1064 815 1115 846 13.
1144 821 1177 845 et
1204 817 1400 847 Motenabbii
1430 827 1548 848 versus
1582 819 1613 848 in
1646 824 1814 850 comment.
1842 819 1881 850 de
1910 820 2020 849 Mote-

233 886 347 917 nabbio
375 884 424 914 ed.
454 893 471 913 a
498 882 620 913 Bohleu
647 892 677 922 p.
705 881 751 911 53
779 890 827 920 sq.
856 884 889 910 et
915 878 1036 910 Caahbi
1062 878 1091 908 b.
1118 877 1233 908 Sohair
1260 888 1354 908 carm.
1381 889 1414 912 v.
1435 880 1455 909 4
1483 889 1530 920 sq.

233 983 262 1014 3,
284 984 393 1013 Donec
415 981 502 1009 video
525 981 657 1019 equilem
679 981 752 1017 equi
772 977 924 1007 Alzanml
945 986 1041 1014 super
1061 977 1184 1013 postica
1205 979 1298 1014 porte
1320 986 1478 1014 equorum,
1503 979 1559 1016 qni
1578 979 1681 1006 instar
1705 978 1895 1007 camelorum
1917 981 2002 1008 sunt.

334 1051 458 1081 Initium
484 1059 602 1079 versus
630 1052 684 1079 aut
710 1057 780 1077 cum
808 1047 895 1077 initio
918 1046 1009 1086 primi
1035 1053 1152 1075 versus
1182 1045 1293 1075 »Deus
1314 1045 1477 1086 impediat,
1502 1049 1671 1086 quominus
1687 1050 1822 1078 moriar«
1853 1053 1925 1078 aut
1951 1057 2022 1079 cum

233 1114 342 1144 verbis
370 1112 589 1143 antecedentis
614 1119 756 1150 versus,
788 1119 890 1148 »quae
917 1118 935 1138 a
964 1108 1088 1138 deliciis
1114 1107 1179 1137 vini
1207 1117 1256 1137 me
1284 1108 1418 1138 retinet«
1448 1108 1606 1138 cohaeret.
1659 1110 1784 1140 Versus
1811 1119 1928 1140 sensus
1955 1110 2047 1141 sine*

240 1175 334 1206 dubio
361 1179 429 1206 est:
460 1174 592 1203 »Donec
618 1172 750 1203 eaedem
776 1172 957 1214 ulciscor«3
986 1171 1046 1202 sed
1073 1171 1202 1212 singula
1230 1172 1330 1201 verba
1356 1171 1579 1210 interpretibus
1608 1172 1729 1202 variam
1756 1172 2024 1213 significationem

237 1237 405 1269 admittere
432 1235 592 1265 videntur.
644 1235 787 1264 Maxima
822 1239 929 1264 autem
967 1234 1124 1264 dissensio
1157 1236 1188 1263 in
1214 1232 1453 1272 interpretanda
1479 1242 1561 1262 voce
1588 1231 1713 1274 w-,aaji
1741 1235 1908 1264 iuvenitur.
1960 1234 2026 1264 Alii

237 1308 352 1330 nomen
377 1298 506 1339 gemm,
540 1297 590 1327 alii
617 1306 731 1326 nomen
759 1296 831 1336 equi
858 1306 934 1326 esse
961 1296 1078 1326 dicunt.
1131 1297 1165 1325 In
1191 1296 1324 1326 Kamusi
1358 1305 1456 1334 opere
1491 1296 1563 1334 equi
1598 1306 1711 1326 nomen
1739 1296 1839 1327 fuisse
1865 1296 2026 1338 legimuS3

238 1361 342 1402 gentis
370 1369 484 1390 nomen
511 1359 612 1389 fnisse
639 1368 701 1388 non
728 1358 873 1399 legimus.
910 1359 1065 1389 Dubitant
1092 1368 1228 1398 quoque,
1256 1364 1358 1390 utrum
1387 1369 1486 1399 eques
1515 1360 1754 1400 equiAlzamut
1780 1360 1884 1390 hostis
1911 1363 2027 1399 poetae

240 1434 279 1454 an
305 1423 375 1463 ipse
401 1426 498 1461 poeta
524 1422 577 1453 sit.
630 1421 666 1451 Si
693 1425 788 1460 poeta
814 1430 851 1450 se
878 1421 983 1460 ipsum
1009 1421 1119 1451 verbis
1147 1432 1273 1461 eques
1311 1424 1404 1462 equi
1430 1423 1632 1453 Alzamut
1657 1422 1875 1464 significavit,
1908 1431 2027 1452 versus

241 1495 357 1516 sensus
386 1490 454 1515 est:
485 1485 595 1513 Donec
621 1492 683 1524 ego
711 1482 874 1524 fugientes
901 1482 1015 1513 hostes
1043 1493 1124 1523 equo
1151 1485 1213 1514 isto
1241 1485 1364 1515 vehens
1391 1495 1591 1525 persequor,
1623 1490 1677 1526 ut,
1705 1485 1787 1516 sicut
1813 1487 1925 1516 cameli
1952 1496 2029 1526 pro-

242 1550 324 1590 pulsi
350 1550 435 1588 sint,
461 1549 678 1588 propellantur
696 1546 746 1587 1);
783 1549 832 1577 sin
855 1557 935 1576 vero
962 1547 1064 1577 hostis
1091 1548 1199 1578 verbis
1229 1548 1434 1588 designatur,
1461 1551 1569 1588 optat,
1596 1551 1629 1577 ut
1656 1557 1728 1577 eum
1753 1549 1784 1577 in
1814 1558 1922 1589 pugna
1948 1558 2029 1578 con-

239 1615 365 1654 spiciat.
418 1613 485 1644 Sed
512 1612 552 1641 nil
580 1611 733 1651 impedire
758 1611 898 1647 videtur,
926 1611 1091 1650 quominus
1119 1620 1234 1641 seusus
1264 1611 1326 1641 sit:
1355 1611 1467 1640 Donec
1493 1611 1688 1650 conspiciam
1716 1611 1852 1650 equitem
1879 1610 1949 1649 equi
1969 1610 2028 1640 ΑΙ-

242 1681 352 1707 zamut
388 1674 434 1715 (a
472 1685 523 1705 me
558 1674 723 1712 occisum)
763 1674 794 1703 in
827 1674 1008 1712 posteriore
1049 1672 1135 1702 dorsi
1173 1677 1263 1711 parte
1299 1672 1369 1711 equi
1403 1681 1422 1701 a
1456 1673 1525 1701 suis
1560 1682 1577 1701 e
1614 1682 1722 1713 pugna
1759 1672 1903 1702 ablatum.
1967 1673 2029 1702 Hic

243 1741 324 1771 enim
360 1748 478 1768 sensus
512 1741 574 1768 tam
601 1737 708 1766 verbis
734 1735 812 1772 325¹>
837 1733 933 1764 sust
961 1736 1013 1774 bks:
1043 1735 1093 1764 »in
1121 1735 1299 1774 posteriore
1324 1738 1413 1774 parte
1448 1744 1619 1774 equorum«
1655 1744 1747 1774 quam
1781 1735 1877 1774 priori
1907 1735 2029 1773 versui,

243 1802 273 1831 in
299 1810 360 1840 quo
387 1800 427 1830 ad
451 1799 560 1830 caedis
588 1798 761 1838 ultionem,
789 1807 870 1836 quae
897 1797 1021 1826 nonnisi
1049 1796 1158 1826 occiso
1187 1796 1278 1826 hoste
1306 1795 1352 1837 fit,
1379 1797 1449 1825 sine
1477 1795 1570 1825 dubio
1597 1797 1751 1834 respexit,
1779 1800 2031 1826 consentaneum

245 1864 383 1893 videtur.
435 1862 503 1893 Sed
530 1863 597 1891 loco
622 1862 714 1891 vocis
742 1859 812 1898 δᾳδὶ
850 1860 981 1890 Alibil
1009 1870 1027 1889 a
1054 1859 1209 1889 nonnullis
1236 1857 1306 1897 &335
1334 1858 1499 1896 Alobol‚
1535 1858 1666 1897 pluralis
1693 1858 1786 1887 vocis
1812 1857 1878 1895 Ml
1915 1859 2031 1896 [bacu-

246 1926 314 1965 lus]
340 1925 469 1966 legitur.
522 1925 594 1954 Hoc
621 1924 745 1964 legendi
774 1923 866 1953 modo
893 1927 1020 1962 recepto
1049 1922 1119 1961 equi
1147 1922 1185 1951 ob
1213 1921 1332 1962 gracile
1365 1920 1541 1959 durumque
1568 1929 1686 1959 eorpus
1713 1929 1780 1950 cum
1807 1920 1926 1950 baculis
1954 1929 2032 1950 con-

247 1987 400 2017 feruntur.
454 1986 574 2016 Similis
601 1987 794 2025 comparatio
825 1986 855 2014 in
882 1985 992 2015 verbis
1020 1979 1254 2014 Amru-l'Kaisi
1283 1984 1416 2021 (Diwan
1443 1993 1473 2022 p.
1491 1984 1518 2013 W
1542 1993 1573 2012 v.
1595 1983 1647 2021 9.)
1677 1983 1781 2012 »sieut
1807 1982 1915 2012 radius
1942 1983 2031 2012 licia-

248 2049 339 2079 torii«
369 2051 538 2080 invenitur.
590 2047 764 2079 Gracilitas
791 2052 897 2078 autem
925 2047 1013 2086 equis
1039 2045 1122 2076 laudi
1149 2050 1199 2076 est
1225 2042 1325 2089 (conf.
1352 2055 1382 2084 p.
1408 2047 1440 2074 ΊΛ
1466 2054 1498 2074 ν.
1530 2041 1587 2087 1.).

249 2147 280 2175 4.
310 2146 361 2175 Ne.
389 2155 437 2174 me
463 2148 557 2182 pules
586 2155 656 2174 esse
687 2146 788 2173 virum
812 2143 1010 2181 compedibus
1039 2145 1186 2171 ornatum
1192 2165 1202 2179 ,
1236 2142 1323 2171 lascis
1344 2143 1491 2171 cruribus
1510 2142 1703 2179 praeditum,
1735 2142 1791 2179 qui
1807 2141 1925 2178 plorat,
1954 2141 2037 2178 quot!

977 2198 1114 2226 camelus
1137 2197 1300 2225 claudicat.

347 2269 419 2299 Hoc
446 2270 477 2298 in
503 2277 603 2297 versu
630 2273 726 2307 poeta
753 2267 831 2297 duro
858 2268 958 2297 animo
986 2267 1174 2306 praeditum,
1199 2266 1250 2305 qui
1278 2265 1404 2294 levibus
1433 2263 1664 2293 calamitatibus
1691 2273 1753 2293 non
1768 2263 1970 2304 deprimatur,
1997 2272 2034 2292 se

254 2330 415 2361 describit.
466 2330 584 2360 Versui
611 2334 663 2359 aut
692 2330 795 2359 minae
821 2330 948 2368 insunt,
972 2329 1043 2360 dum
1062 2337 1231 2368 personam
1259 2336 1350 2356 suam
1378 2325 1566 2355 describens
1597 2326 1731 2365 probare
1758 2326 1878 2363 studet,
1905 2334 1940 2355 se
1959 2334 2035 2354 cae-

253 2392 323 2422 dem
352 2392 462 2422 ulcisei
488 2401 586 2431 posse
613 2395 667 2421 aut
694 2400 731 2420 se
758 2391 842 2420 hosti
870 2400 953 2431 suo,
981 2400 1074 2429 quem
1101 2389 1235 2419 debilem
1264 2398 1340 2418 esse
1367 2388 1457 2419 hisce
1484 2389 1590 2418 verbis
1618 2389 1747 2430 indicat,
1777 2388 1916 2428 opponit.
1969 2388 2035 2418 Sed

253 2454 293 2484 de
318 2453 549 2495 significatione
576 2454 666 2483 vocis
693 2449 774 2490 &45⁶
801 2452 983 2482 accuratius
1012 2450 1192 2480 definienda
1218 2450 1372 2483 dubitant.
1422 2451 1486 2480 Alii
1511 2461 1626 2482 vocem
1649 2452 1795 2481 derivant
1820 2460 1839 2481 a
1864 2460 1945 2481 voce
1969 2451 2032 2489 ΔΞ

274 2573 303 2603 1)
323 2572 376 2597 Sed
394 2573 450 2597 fieri
470 2579 574 2603 quoque
593 2575 688 2603 potest,
708 2575 734 2595 ut
752 2577 835 2602 equos
852 2577 910 2594 cum
930 2570 1041 2594 camelis
1060 2570 1093 2594 ob
1112 2570 1320 2601 magnitudinem
1340 2574 1365 2596 et
1383 2571 1575 2602 longitudinem
1593 2569 1800 2599 comparaverit.
