2247 2865
1007 108 1275 138 -616—

246 211 323 242 socii
349 210 419 240 loco
446 219 521 239 esse
549 218 610 239 non
638 212 776 239 recusat.
830 207 1030 238 scholiastes
1056 211 1159 246 putat,
1187 211 1312 246 poetam
1339 206 1430 238 hisce
1457 207 1565 237 verbis
1593 206 1741 249 indicare,
1768 216 1804 238 se
1830 217 1849 238 a
1876 209 1975 239 sociis
2000 209 2032 239 in

249 273 378 303 deserto
407 273 552 303 relictum
579 282 667 302 esse.

247 383 278 412 7.
301 384 370 412 Iam
393 385 516 419 tempus
535 382 660 418 pere-qi,
693 389 752 418 quo
775 382 919 408 errantes
943 379 1023 407 socii
1042 379 1103 406 mei
1123 380 1223 408 erant.
1269 377 1354 414 Quos
1376 379 1456 407 milei
1475 388 1560 407 nunc
1576 382 1678 408 socios
1696 379 1784 416 eleyi,
1809 381 1929 408 sinceri
1941 380 2035 408 amic:
2070 367 2074 369 ,

1065 433 1127 461 mei
1147 435 1229 460 sunt.

326 505 441 536 Socios
469 504 563 544 duos,
590 513 670 543 quos
686 514 766 534 nunc
782 503 888 542 habet,
915 513 985 534 eum
999 502 1097 532 sociis
1113 501 1276 542 praeteriti
1296 504 1449 541 temporis
1466 508 1639 542 comparat.
1666 504 1825 542 Tempore
1844 502 2037 532 adolescen-

252 571 314 601 tiae
340 580 377 599 se
405 579 475 599 cum
503 569 563 609 iis,
604 570 656 607 qui
684 573 803 598 rectam
831 567 946 608 agendi
976 566 1129 596 rationem
1163 573 1223 593 non
1249 569 1479 602 sequerentur,
1518 566 1717 595 coniunctum
1745 566 1858 597 fuisse.
1916 565 2038 595 Sensus

250 632 339 661 vocis
369 628 454 671 855³}ss
482 626 660 672 (errantes)
686 629 847 670 generalis
872 633 934 660 est.
987 629 1053 658 Eos
1081 626 1257 667 significat,
1286 627 1339 666 qni
1365 627 1483 656 adres
1513 637 1614 657 vanas
1642 638 1711 659 eum
1729 628 1951 669 perducerent,
1979 627 2038 658 sed

250 705 283 724 re
310 703 389 723 vera
416 694 510 722 amici
536 701 597 721 non
625 696 755 729 essent,
796 701 888 730 quum
922 700 990 720 euin
1019 691 1047 719 in
1076 688 1224 728 periculis
1250 687 1447 719 desererent.
1506 690 1584 719 Tam
1621 699 1687 720 vox
1721 687 1808 718 Kal-5²
1843 700 1935 729 quam
1972 699 2039 719 vox

250 754 372 801 Quali>
401 754 523 796 origine
551 754 706 784 infinitiva
733 760 826 795 sunt,
864 764 926 794 qna
952 755 981 783 in
1009 764 1044 783 re
1072 761 1171 782 causa
1207 756 1278 791 est,
1315 762 1371 781 cnr
1407 751 1636 781 adiectivorum
1664 752 1929 793 significationem
1954 751 2039 782 acci-

251 818 377 858 pientes
405 822 469 847 tam
497 827 588 847 unuin
617 826 708 856 quam
737 817 843 857 plures
874 817 1053 858 designent.
1083 815 1161 844 Post
1190 813 1322 843 verbum
1353 806 1480 852 &bol
1508 813 1662 843 suffixum
1684 817 1725 859 59
1743 813 1953 853 supplendum
1977 818 2037 843 est.

251 927 284 957 8.
307 927 500 957 coniunctus
523 937 590 955 cum
613 937 660 962 eo,
695 930 750 966 qui
769 928 926 969 insipidus
949 930 978 956 el
1002 928 1078 965 funi
1096 935 1153 954 suo
1174 925 1350 961 permissus
1373 925 1443 951 erat
1463 925 1493 950 et
1515 924 1604 951 cuius
1627 923 1745 950 crimen
1767 924 1888 951 amicus
1907 923 2041 960 propin·-

1021 990 1103 1019 qtms
1125 980 1260 1008 caveham

349 1050 464 1080 Socios
492 1060 571 1080 snos
605 1051 768 1090 praeteriti
805 1053 955 1090 temporis
996 1055 1143 1088 tanquam
1179 1048 1339 1088 improbos
1375 1052 1609 1086 protervosque
1645 1047 1807 1079 describit.
1859 1048 1905 1078 Se
1938 1047 2041 1087 ipsum

252 1119 284 1145 et
311 1114 416 1144 socios
452 1113 481 1142 in
520 1114 581 1143 hoc
614 1123 710 1144 versu
741 1124 812 1144 cum
847 1114 975 1144 camelis
1013 1112 1220 1151 comparavit.
1273 1111 1328 1141 Sic
1361 1119 1487 1149 quoque
1515 1111 1619 1140 Ham.
1648 1121 1676 1149 p.
1705 1113 1748 1140 tvl*
1773 1120 1804 1141 v.
1834 1112 1866 1140 4.
1896 1110 1956 1142 duo
1982 1111 2043 1141 viri

253 1176 412 1207 coniuncti
449 1185 520 1205 cum
559 1176 682 1206 duobus
719 1177 851 1206 camelis
887 1180 1120 1215 comparantur.
1181 1175 1256 1204 vox
1292 1175 1365 1220 (5³5⁵
1401 1174 1527 1212 proprie
1561 1174 1710 1203 camelum
1744 1184 1814 1204 curn
1841 1175 1940 1204 altero
1968 1174 2043 1205 fune

253 1242 451 1270 coniunctum
479 1239 664 1280 designans,
692 1243 756 1269 tum
788 1240 817 1268 in
844 1239 1001 1269 hominem
1019 1248 1087 1268 cum
1109 1239 1210 1268 altero
1231 1239 1387 1267 societate
1405 1237 1600 1266 coniunctum
1619 1237 1774 1266 translata
1796 1241 1856 1267 est.
1888 1238 2013 1268 Littera
2030 1242 2044 1265 ὅ

253 1305 381 1343 signum
411 1302 548 1332 feminini
574 1311 636 1331 non
663 1307 734 1341 est3
763 1302 818 1332 sed
845 1302 928 1341 voci,
956 1311 1048 1340 quum
1074 1301 1310 1330 substantivum
1339 1299 1442 1335 fieret,
1470 1298 1576 1328 addita
1595 1304 1656 1328 est.
1685 1299 1804 1329 Casum
1824 1300 2044 1330 accusativum

255 1376 321 1396 vox
348 1366 482 1405 accepit,
512 1365 594 1405 quod
623 1365 719 1394 statui
748 1365 939 1404 pronominis
958 1364 986 1392 in
1003 1364 1102 1393 verbo
1118 1363 1219 1395 ψὶλὲ
1235 1360 1443 1392 describendo
1468 1360 1611 1390 inservit.
1648 1361 1688 1391 Et
1713 1363 1744 1391 in
1764 1364 1870 1392 verbis
1892 1360 2046 1399 ›sk->exsti

255 1429 306 1459 ille
333 1438 404 1458 cum
432 1428 554 1458 camelo
584 1427 785 1466 comparandi
812 1426 925 1456 modus
953 1431 1016 1464 est,
1044 1425 1092 1464 qui
1121 1425 1241 1454 habena
1269 1425 1299 1453 iu
1320 1424 1435 1453 collum
1456 1424 1598 1462 proiecta
1617 1429 1743 1462 pastum
1761 1424 1854 1453 libere
1871 1424 2044 1459 dimittitur,

258 1491 375 1520 Eodem
403 1500 503 1519 sensu
528 1487 607 1535 2⁸4)st
634 1488 705 1536 &Le
731 1488 810 1526 alf>
838 1487 910 1535 &3225
940 1489 1061 1518 dicitnr.
1104 1487 1197 1525 Quod
1224 1487 1250 1515 si
1279 1486 1347 1525 quis
1372 1487 1452 1515 inter
1478 1485 1603 1514 Arabes
1632 1490 1753 1515 temere
1780 1487 1903 1517 omnino
1930 1499 1969 1519 ac
1995 1492 2046 1520 in-

258 1553 459 1584 considerate
487 1554 615 1593 agebat,
651 1558 684 1582 ut
711 1552 827 1581 nullius
856 1551 900 1581 rei
929 1553 1083 1581 rationem
1112 1550 1254 1586 haberet,
1282 1547 1363 1577 hunc
1393 1557 1474 1588 gens
1505 1548 1636 1577 exulare
1664 1548 1810 1590 solebat,
1849 1555 1882 1580 ut
1911 1552 1949 1582 ab
1977 1555 2045 1584 eius

258 1616 438 1645 criminibus
466 1615 611 1644 immunis
639 1619 729 1644 esset
757 1623 891 1652 eumque
917 1623 977 1642 non
1006 1612 1204 1642 defenderet.
1245 1612 1331 1640 'ralis
1359 1609 1447 1657 fak>
1476 1611 1705 1650 appellabatur.
1742 1613 1843 1643 Poeta
1870 1615 2047 1648 Schanfara

258 1678 317 1708 hoc
344 1678 433 1707 modo
461 1687 479 1707 a
506 1677 573 1706 suis
595 1678 723 1706 relictus
745 1681 813 1706 erat
835 1685 907 1705 con
920 1675 939 1706 f.
956 1675 1144 1704 Mersukius
1161 1673 1198 1703 ad
1215 1684 1242 1712 p.
1260 1672 1315 1702 ΜΨ
1331 1674 1433 1703 Ham.
1456 1673 1553 1702 'l'ales
1573 1679 1668 1712 poeta
1690 1674 1718 1703 in
1735 1676 1914 1714 posteriore
1928 1688 2046 1709 versus

261 1746 351 1780 parte
365 1740 519 1779 respexit.
548 1740 682 1769 Pluralis
696 1736 790 1784 2⁴35&
806 1748 874 1768 cum
892 1748 974 1768 voce
985 1735 1151 1774 eiam-23⁸,
1175 1746 1253 1775 quae
1274 1745 1399 1765 sensum
1423 1735 1623 1765 collectivum
1643 1735 1751 1777 habet,
1776 1738 1962 1769 coniunctus
1983 1746 2044 1773 est.

260 1850 293 1880 9.
315 1850 360 1879 ΕΙ
381 1850 526 1878 incendis
549 1851 663 1877 amoris
683 1850 816 1877 debitum
837 1848 983 1885 persolri,
1009 1847 1092 1885 quod
1112 1849 1217 1875 mutuo
1241 1854 1423 1881 acceperam
1431 1854 1443 1881 ς
1466 1845 1523 1872 sed
1542 1853 1628 1872 nunc
1650 1846 1759 1882 opibus
1779 1847 1866 1883 apud
1879 1858 1927 1876 me
1942 1853 2048 1879 custos

1011 1895 1219 1939 quaestorque
1241 1903 1295 1928 est.

360 1975 455 2003 Istam
487 1972 603 2013 agendi
639 1973 791 2002 rationem
835 1972 992 2003 iuventuti
1020 1971 1145 2010 tribuit,
1186 1979 1267 2010 quae
1302 1968 1384 1998 lusui
1413 1973 1475 1998 etc.
1511 1967 1619 1998 dedita
1655 1970 1707 1997 sit.
1768 1959 1905 2010 Cognito
1941 1976 2047 2003 antem

265 2045 374 2066 errore
401 2045 437 2065 se
464 2045 524 2065 non
551 2036 683 2075 amplius
710 2036 770 2065 illis
799 2035 1058 2074 occupationibus
1086 2033 1271 2071 indulsisse,
1300 2032 1410 2070 quibus
1438 2041 1517 2070 opes
1546 2040 1620 2061 suas
1650 2031 1845 2070 dilapidaret.
1889 2033 2049 2075 Debitum,

267 2097 349 2137 quod
377 2107 394 2127 a
422 2098 585 2127 inventute
615 2097 775 2127 commodo
803 2097 976 2136 acceperit,
1004 2106 1041 2125 se
1069 2096 1220 2125 solvisse.
1249 2096 1312 2123 lam
1341 2093 1452 2131 opibus
1479 2098 1542 2122 tam
1570 2092 1771 2132 acquirendis
1799 2102 1890 2132 quam
1918 2103 2052 2124 conser-

265 2159 379 2189 vandis
409 2168 443 2188 se
472 2168 600 2197 operam
630 2158 714 2187 dare.
768 2157 917 2188 Adhibita
943 2166 1026 2186 voce
1052 2163 1113 2197 δῖε
1140 2155 1294 2192 ostendit,
1335 2164 1372 2184 se
1397 2165 1453 2194 pro
1481 2165 1515 2185 se
1551 2156 1618 2195 ipso
1657 2158 1736 2194 (non
1770 2165 1825 2195 pro
1860 2157 1940 2197 alio)
1977 2158 2049 2188 illud

264 2221 403 2251 debitunt
430 2220 581 2250 solvisse.

270 2332 322 2360 10.
346 2332 456 2370 Equos
480 2333 595 2362 circum
616 2331 721 2359 domos
744 2334 870 2358 nostras
890 2331 972 2359 ultro
1000 2333 1140 2368 cilroqne
1169 2333 1278 2358 euntes
1307 2329 1400 2359 rides.
1425 2329 1518 2365 quasi
1539 2336 1653 2364 caprae
1675 2329 1813 2364 reqionis
1835 2327 1951 2364 Hidjas
1973 2329 2048 2366 sint,

942 2385 1052 2422 quibus
1077 2384 1187 2412 caulae
1208 2385 1364 2421 deficiunt.

366 2453 501 2484 Gentem
528 2463 618 2484 suam
647 2458 793 2492 tanquam
821 2453 1002 2482 bellicosam
1032 2453 1190 2482 describit.
1253 2453 1314 2481 Hic
1347 2461 1465 2481 versus
1500 2451 1669 2490 posteriori
1698 2452 1777 2491 parti
1805 2451 1918 2490 prioris
1944 2452 2050 2491 expli-

271 2515 390 2545 candae
417 2516 572 2553 inservit3
601 2515 711 2554 quales
739 2514 819 2544 enim
846 2523 925 2553 opes
956 2514 1032 2554 sint,
1059 2515 1171 2553 quibus
1187 2514 1417 2544 conservandis
1445 2518 1477 2543 et
1504 2514 1705 2552 acquirendis
1732 2522 1859 2552 operam
1885 2513 1971 2552 dent,
2001 2514 2050 2544 in-

272 2578 363 2608 dicat.
416 2579 489 2607 Non
517 2578 657 2607 camelos
685 2582 740 2607 aut
767 2586 860 2618 oves,
889 2576 947 2606 sed
975 2586 1072 2615 equos
1099 2576 1157 2605 sibi
1185 2581 1391 2615 comparant3
1420 2577 1532 2615 quibus
1559 2577 1590 2606 in
1616 2577 1699 2606 bello
1723 2579 1858 2606 utantur.
1909 2576 1963 2607 Ne
1978 2576 2050 2616 equi
