2247 2865
1017 122 1285 154 -262-

734 268 876 304 Dixit
895 268 972 304 vir
993 217 1380 314 qussgff‘gentis
1405 272 1556 307 Asad-

251 337 323 384 [Ρ.
346 337 473 383 14³2.)
517 342 545 371 1.
569 340 680 378 Neque
702 348 758 376 eqo
778 339 888 367 debilis
910 348 991 376 sum,
1015 348 1116 378 neque
1139 342 1202 379 qui,
1225 342 1256 369 εἰ
1276 350 1388 370 amans
1408 351 1479 371 eum
1500 342 1635 377 deserat,
1659 343 1728 372 irae
1749 342 1923 380 indulyeat.

350 411 516 451 Tanquam
541 409 655 440 fortem
680 417 718 438 se
744 407 895 438 describit
920 407 1095 447 talemque,
1122 409 1173 448 qui
1199 410 1269 440 suis
1296 410 1420 441 viribus
1448 410 1610 452 confisus,
1647 411 1676 441 si
1703 412 1757 442 alii
1783 421 1857 443 eum
1880 411 2044 453 deserant,

251 472 302 503 his
327 482 390 503 non
415 473 579 503 irascatur.
607 472 642 500 In
668 479 708 500 eo
732 470 842 510 igitur,
870 469 952 509 quod
968 468 1077 500 debilis
1095 471 1225 512 nonsit,
1252 480 1394 513 causam,
1421 482 1478 503 cur
1497 482 1559 502 non
1581 473 1748 514 irascatur,
1777 474 1876 513 ponit.
1905 473 2048 505 Similem

251 545 384 567 sensum
410 539 507 575 poeta
532 536 564 564 in
588 542 689 563 versu
708 537 861 572 sequente
880 532 1062 572 expressit:
1091 533 1199 572 (metr.
1214 532 1346 573 Basith)
1373 533 1425 563 Et
1451 543 1548 574 ego,
1574 534 1923 575 quotiescunque
1950 535 2049 566 ami·

251 598 352 628 citia
378 598 657 636 abrumpitur,
685 606 761 626 non
789 595 906 626 dico:
945 606 1025 626 vae
1051 590 1171 626 mihi!
1201 595 1248 624 ob
1275 604 1451 626 amorem
1490 605 1816 637 moeroremque.
1855 598 1931 628 Vox
1967 594 2048 639 0»ss

251 662 378 700 proprie
404 660 579 701 sagittam,
613 661 706 690 cuius
734 668 829 689 crena
856 662 951 698 rupta
979 663 1040 697 est,
1068 645 1278 699 significans,
1305 658 1336 688 in
1361 659 1466 688 virum
1496 658 1630 689 debilem
1656 659 1860 694 transfertur.
1898 660 1942 691 Ut
1967 656 2048 701 ΨΩ

251 721 522 764 significationem
547 722 703 762 participii
730 722 850 761 passivi
877 721 986 761 habet,
1014 722 1063 751 sic
1089 729 1215 760 quoque
1239 729 1307 750 vox
1335 721 1413 760 0425
1442 720 1533 760 (con
1545 720 1566 752 f.
1582 722 1675 751 Ham.
1692 732 1723 761 p.
1738 721 1818 762 1²50).
1846 723 1930 753 Voci
1954 722 2048 766 ·-.³,->¹

253 783 373 824 duplex
399 783 595 825 significatio
622 783 778 825 tribuitur,
805 793 878 822 una,
904 792 963 823 qua
977 788 1076 824 poeta
1091 783 1252 815 interitum
1268 789 1302 815 et
1315 785 1433 814 malum
1446 789 1543 815 vocat
1560 785 1688 815 dicens:
1704 780 1807 829 “i-'3²¹³
1817 807 1827 826 ,
1846 786 1960 827 altera,
1984 796 2048 827 qua

251 847 409 877 irascitur.
434 846 572 877 Formae
599 846 761 877 secundae
786 846 827 876 ad
854 846 932 876 iram
959 846 1120 877 excitandi
1144 846 1416 888 significationem
1434 847 1465 877 in
1487 847 1605 888 Djeriri
1623 857 1725 877 versu
1739 847 1909 881 videmus:
1938 848 2046 887 (metr.

253 910 384 950 Basith]
412 911 521 951 Ego,
550 919 666 949 quum
693 914 825 950 poeta
850 909 1050 941 socordia
1078 908 1285 949 deceptus
1313 909 1414 940 iram
1432 919 1559 940 meam
1581 910 1765 949 excitat,
1792 910 1963 941 vicinus
1983 920 2048 942 se·-

254 972 386 1013 pulcri
414 982 500 1002 sum
528 972 573 1002 ad
600 971 876 1012 Marranum1)
903 977 1021 1003 terra
1048 974 1200 1011 operti.
1247 971 1424 1002 Dicendum
1451 971 1526 1002 fuit:
1554 976 1610 1001 aas:
1635 976 1707 1011 ouo,
1734 975 1828 1003 utin
1853 973 1964 1012 phrasi
1985 970 2049 1002 alo

255 1037 416 1076 appellata
447 1036 602 1066 suffixum
636 1037 752 1067 tertiae
780 1045 940 1075 personae
968 1039 1077 1072 esset,
1115 1033 1200 1074 quod
1227 1032 1267 1063 ad
1294 1043 1470 1073 pronomen
1496 1028 1590 1074 &Ab
1615 1030 1754 1077 (39'05‘0)
1789 1034 1901 1065 referri
1935 1038 2050 1074 posset

254 1096 332 1139 [Gr.
348 1099 404 1128 Ar.
423 1099 458 1129 T.
475 1099 512 1127 11.
528 1098 609 1128 259.
626 1098 738 1138 2610.
765 1098 932 1128 'febr-isius
960 1102 1088 1137 poetam
1115 1096 1175 1127 hoc
1202 1096 1321 1126 fecisse
1349 1096 1437 1137 dicit,
1465 1096 1549 1136 quod
1577 1097 1639 1127 sibi
1664 1097 1724 1136 ipsi
1750 1107 1814 1127 rem
1842 1097 1990 1128 nuntians
2015 1101 2049 1127 et

253 1161 435 1191 inversione
451 1165 545 1190 utens
559 1160 601 1190 nil
616 1160 742 1191 obscuri
757 1166 790 1191 et
808 1161 894 1191 dubii
910 1160 939 1189 in
955 1160 1063 1190 verbis
1079 1159 1138 1189 sibi
1153 1159 1258 1189 visum
1272 1164 1371 1189 esset.
1389 1159 1511 1189 Eadem
1530 1160 1610 1189 ratio
1625 1160 1655 1189 in
1677 1160 1784 1190 verbis
1802 1164 1919 1199 poetae
1930 1157 2049 1203 (Ahlii)

254 1241 321 1269 est:
348 1236 498 1274 (metrum
525 1234 666 1276 Redjes)
695 1240 803 1281 nyx-22>
831 1222 894 1281 ⁸5:⁷3
921 1240 1025 1276 &xi-*m
1050 1228 1143 1274 &Ab
1173 1233 1207 1265 kil
1237 1236 1325 1276 Ego
1353 1242 1457 1272 sum,
1485 1244 1601 1274 quem
1632 1234 1810 1265 vocavit
1838 1243 1897 1265 me
1926 1232 2048 1278 (eum)

255 1302 387 1328 mater
415 1307 503 1328 mea
529 1298 699 1327 leonem.
743 1297 910 1336 Loquendi
942 1297 1087 1338 modurn,
1126 1307 1314 1337 quamquam
1347 1298 1480 1337 saepius
1513 1300 1672 1338 occurrit,
1708 1297 1908 1338 grammatici
1941 1303 2048 1328 tamen

254 1371 315 1392 non
341 1362 522 1401 probarunt,
550 1366 585 1392 ut
611 1360 866 1391 Abu-Ohtsman
889 1360 1052 1390 Masenita
1072 1359 1200 1401 dixerit,
1227 1369 1275 1401 se,
1302 1359 1363 1390 nisi
1391 1364 1455 1390 tam
1484 1359 1628 1400 vulgaris
1658 1364 1690 1389 et
1711 1358 1865 1399 frequens
1893 1360 1947 1401 sit,
1975 1370 2049 1391 eum

255 1424 443 1454 reiecturum
472 1433 557 1453 esse.

254 1510 286 1536 2.
311 1507 374 1537 Sed
395 1517 459 1544 eqo,
484 1509 514 1536 si
536 1503 591 1546 [m
614 1504 741 1547 amore)
761 1509 955 1544 perseterat,
977 1515 1164 1544 persenam,-
1186 1508 1238 1535 εἰη
1259 1516 1331 1535 vero
1353 1508 1383 1535 ei
1403 1517 1422 1535 α
1444 1516 1492 1535 me
1514 1507 1696 1536 discedendi
1717 1509 1843 1536 animus
1867 1510 1923 1541 est,
1948 1510 1979 1536 et
1992 1516 2048 1545 eqo

1023 1560 1061 1589 ab
1082 1569 1117 1588 eo
1140 1560 1272 1588 discedo.

353 1630 495 1660 Huiusce
522 1638 641 1671 versus
668 1629 769 1659 verba
797 1629 932 1668 priorem
958 1637 1089 1659 versum
1115 1629 1287 1658 illustrant.
1315 1628 1361 1659 Se
1388 1628 1558 1659 amicitiam
1588 1629 1714 1669 quidem
1741 1635 1774 1660 et
1800 1639 1938 1660 amorem
1956 1631 2049 1670 parvi

255 1702 316 1723 non
341 1693 462 1730 facere,
488 1697 523 1722 ut
546 1692 665 1722 amicos
689 1693 759 1722 sine
789 1702 889 1723 causa
913 1691 1088 1732 relinquat;
1117 1688 1234 1721 sedin
1260 1692 1399 1723 amicitia
1425 1697 1627 1723 constantem
1653 1703 1690 1723 se
1720 1703 1817 1734 esse3
1845 1698 1984 1724 attamen
2011 1705 2049 1726 se

256 1765 341 1786 suam
354 1765 523 1796 personam
537 1765 599 1786 nou
612 1756 758 1793 abiicere,
773 1761 808 1785 ut
822 1765 880 1785 eos
896 1760 1109 1795 persequatur
1124 1764 1243 1793 amore,
1257 1755 1308 1794 qui
1322 1757 1428 1795 ipsum
1441 1756 1552 1786 nolint.
1582 1757 1718 1798 Legitur
1737 1767 1863 1797 quoque
1880 1758 1910 1787 in
1930 1768 2046 1789 versu:

256 1817 303 1864 fio
321 1818 343 1846 Le
375 1819 544 1858 »quamdiu
570 1822 795 1858 perseverat«,
824 1824 858 1848 ut
887 1822 1010 1858 tempus
1039 1818 1209 1848 definiatur
1236 1813 1347 1861 (351³)
1377 1823 1409 1847 et
1438 1818 1654 1857 praedicatum
1683 1819 1773 1849 vocis
1794 1816 1858 1865 ΟΩ
1892 1821 1922 1850 in
1949 1822 2048 1851 verbo

258 1884 347 1914 wa>
371 1882 423 1913 sit.
454 1881 566 1912 Altero
593 1886 700 1912 autem
728 1881 854 1922 legendi
881 1880 974 1911 modo
1004 1886 1134 1920 recepto
1163 1880 1254 1911 vocis
1283 1877 1346 1925 053
1375 1880 1592 1920 praedicatum
1619 1881 1650 1910 in
1677 1881 1856 1911 conditione
1882 1887 1916 1912 et
1941 1883 2049 1922 phrasi

258 1949 472 1983 consequente
487 1949 548 1974 est.
577 1944 610 1973 Iu
627 1944 736 1973 verbis
755 1941 802 1990 fi.)
817 1948 850 1974 et
865 1949 950 1976 ωηο
966 1943 1066 1973 verba
1078 1941 1203 1974 ‘ai->beuti
1215 1942 1241 1981 3
1265 1945 1316 1975 »in
1330 1945 1491 1974 amicitia«
1508 1950 1563 1974 aut
1575 1945 1624 1974 his
1637 1945 1752 1975 similia
1765 1945 1943 1985 supplenda
1962 1950 2047 1976 sunt„

257 2028 289 2058 3.
313 2028 481 2066 Profeclol
502 2029 647 2066 Optimus
660 2040 748 2059 amor
764 2040 851 2059 amor
866 2033 922 2066 est,
943 2031 996 2058 cui
1007 2031 1132 2058 animus
1146 2029 1288 2058 lubenter
1305 2038 1339 2057 se
1351 2029 1487 2063 subiicit,
1511 2038 1574 2057 non
1592 2039 1689 2063 amor,
1715 2031 1770 2068 qui
1780 2031 1938 2068 fatigatus
1956 2032 2047 2060 venit.

358 2097 462 2134 Quum
492 2108 579 2128 amor
606 2099 684 2128 liber
711 2108 788 2128 esse
814 2099 944 2140 debeat,
972 2099 1002 2128 in
1030 2108 1149 2136 amore,
1176 2107 1268 2137 quem
1297 2097 1368 2137 quis
1395 2097 1496 2127 invito
1523 2098 1627 2128 animo
1656 2098 1747 2128 nobis
1774 2099 1931 2137 ostendit,
1963 2099 2050 2129 nulla

259 2161 349 2191 nobis
377 2161 496 2190 utilitas
526 2167 587 2190 est.
617 2162 728 2192 Talem
745 2171 885 2192 amorem
902 2172 972 2192 cum
987 2161 1108 2193 camelo
1128 2166 1226 2200 poeta
1248 2161 1456 2200 comparavit,
1485 2161 1535 2200 qui
1555 2161 1714 2202 fatigatus
1740 2160 1779 2191 ad
1793 2163 1855 2191 iter
1868 2160 2048 2192 faciendum

258 2223 394 2264 cogitur.
428 2223 567 2253 Similem
595 2233 726 2253 sensum
754 2224 897 2264 quidam,
935 2225 987 2264 qui
1022 2223 1151 2253 Moslim
1190 2223 1219 2253 b.
1252 2222 1393 2252 Alwalid
1423 2223 1527 2253 fuisse
1564 2222 1693 2262 dicitur,
1731 2223 1896 2263 expressit
1920 2222 2047 2253 verbis:

259 2285 370 2323 (metr.
396 2284 540 2323 Thawil)
567 2284 637 2314 Nil
666 2285 759 2314 boni
787 2285 825 2314 in
851 2294 986 2316 amore
1019 2286 1101 2316 viri
1139 2290 1221 2324 est,
1263 2286 1331 2324 qui
1369 2295 1387 2315 a
1420 2290 1462 2315 te
1498 2285 1698 2315 abhorret
1733 2291 1801 2316 aut
1834 2286 1872 2315 in
1905 2285 2047 2326 socio,

259 2355 435 2385 quocum
466 2352 506 2376 tu
533 2355 609 2375 non
638 2347 865 2378 consentis,
907 2346 1034 2385 Quum
1061 2349 1128 2378 vir
1163 2357 1219 2377 me
1255 2358 1329 2378 non
1368 2349 1530 2389 eodem,
1572 2349 1638 2388 qui
1675 2358 1789 2379 meus
1824 2357 1927 2389 erga
1961 2357 2047 2380 eum

260 2413 344 2446 est,
371 2417 505 2438 amore
533 2407 831 2449 prosequitur,
867 2409 984 2438 scito
1011 2418 1067 2439 me
1094 2410 1138 2440 ab
1165 2419 1212 2439 eo
1241 2420 1514 2441 recessurum
1554 2420 1667 2441 esse.
1705 2410 1789 2441 Sed
1822 2409 1858 2439 si
1892 2410 1972 2450 vis,
2010 2411 2047 2441 ei

260 2469 400 2499 socius
428 2474 546 2509 este,
575 2469 661 2499 dum
688 2469 743 2499 nil
771 2470 862 2500 boni
889 2473 932 2501 in
958 2480 1004 2501 eo
1031 2476 1117 2512 est3
1146 2476 1185 2502 et
1212 2473 1247 2502 si
1276 2473 1365 2514 vis,
1395 2483 1480 2504 eum
1507 2474 1682 2505 amicum
1709 2473 1790 2514 fac,
1817 2472 1904 2503 dum
1923 2473 2046 2504 simu-

259 2531 387 2560 latum
414 2531 447 2560 ei
474 2531 672 2561 ostendis
700 2541 891 2562 amorem.

278 2611 306 2641 1]
326 2613 436 2635 Murrau
456 2613 541 2642 oppid.
562 2614 586 2636 iu
607 2615 754 2644 propinquo
773 2616 880 2639 Meccae
897 2615 942 2639 siti
961 2622 1056 2640 nomen
1076 2620 1131 2647 est;
1150 2618 1195 2642 sed
1215 2620 1315 2648 nescio,
1335 2627 1395 2644 num
1415 2621 1465 2644 hoc
1484 2623 1561 2650 poeta
1580 2618 1781 2650 significaverit.
