2247 2865
988 99 1253 130 —472—

225 200 292 241 (ΙΙ.
314 197 440 238 267.)
485 198 542 229 20.
566 197 633 228 Sed
652 198 705 227 ubi
727 197 858 234 crapula
880 198 1027 225 discussa
1049 200 1105 232 est,
1127 207 1246 234 parvae
1269 197 1335 225 ovis
1357 195 1530 234 camelique
1550 205 1717 233 possessor
1739 205 1820 224 sum.

324 282 563 312 Deminutivurn
591 279 753 318 adhibuit,
787 282 821 308 ut
853 278 1038 317 despectum
1079 278 1235 308 indicaret
1271 282 1304 308 et
1340 276 1458 317 parvas
1499 286 1578 317 opes
1607 286 1683 307 esse
1708 275 1916 318 significaret.
1968 276 2009 307 Hi

226 355 346 377 versus
373 354 442 376 cum
469 343 677 384 sequentibus
703 344 735 371 in
762 340 869 370 codice
897 341 1054 370 Mersukii
1081 340 1313 370 desiderantur.

225 471 278 502 21.
303 470 330 500 0
352 467 481 498 Himla!
502 466 580 502 Quis
601 467 667 494 viro
687 473 791 493 amore
813 463 941 492 subacto
964 466 1028 500 μείς
1051 472 1067 491 o
1090 461 1221 491 Ht'mlu!
1242 464 1312 501 quis
1334 465 1454 500 caplivo
1476 466 1576 493 vinclo
1598 464 1668 492 est?

326 549 492 589 Quomodo
520 548 569 578 hic
595 554 627 577 et
652 556 792 585 sequens
822 555 939 575 versus
962 549 1040 575 ‘cum
1071 545 1337 584 praecedentibus
1356 555 1453 574 sensu
1473 545 1657 584 cohaereat,
1689 556 1749 575 non
1769 545 1874 575 video,
1915 545 2010 575 Men-

227 616 343 645 tionem
370 612 550 650 mulierum,
584 619 718 649 quacum
748 619 812 638 rem
840 609 968 650 habuit,
996 618 1096 638 versu
1127 608 1170 638 17
1199 608 1378 638 absolvisse
1404 608 1542 638 videtur.
1595 609 1666 639 Hoc
1695 609 1724 638 in
1751 618 1849 638 versu
1877 608 2013 637 Hindam

229 676 407 715 alloquitur,
435 678 467 704 ut
494 673 703 703 testimonium
732 672 770 701 de
798 672 956 701 amoribus
984 672 1052 701 eius
1080 671 1175 702 (licat.
1229 671 1344 711 Hiuda,
1372 671 1436 701 filia
1463 672 1548 711 regis
1577 672 1730 702 Mondsiri
1754 673 1782 702 b.
1804 675 2014 713 Mai-ssema,

233 742 329 771 amita
357 736 543 768 Alnohmani
570 736 599 767 b,
627 735 809 764 Almoudsir
837 734 937 764 fuisse
965 733 1084 764 dieitur.
1138 733 1427 764 Almonachchalus
1457 744 1527 764 cum
1555 745 1656 765 uxore
1685 736 1874 765 Alnohmani
1900 736 2015 765 Almo-

234 800 428 842 tadjarridah
445 799 606 838 appellata
621 807 687 827 rem
705 798 855 827 habuisse
873 800 1010 836 putatur,
1040 801 1073 826 ut
1102 796 1154 825 filii
1180 796 1253 835 duo,
1285 805 1363 835 quos
1392 797 1563 835 pepererit,
1592 797 1864 827 Almonachchalo
1890 798 2016 827 adscri-

232 868 355 898 bantur.
395 864 613 895 Alnohmauus
643 871 735 901 quum
764 866 904 899 tempore
933 861 1059 900 cognito
1087 868 1105 888 a
1132 859 1224 888 domo
1252 859 1368 888 abesse
1388 860 1520 894 soleret,
1543 859 1835 888 Almonachchalus
1855 869 1912 899 per
1931 859 2015 889 illius

232 927 384 968 temporis
411 926 545 965 spatium
575 924 658 964 apud
687 923 877 953 Aluohmani
905 932 1034 952 uxorem
1062 922 1261 951 versabatur.
1315 922 1441 951 Accidit
1470 926 1586 958 autem,
1615 927 1660 962 ut,
1690 931 1784 960 quum
1814 932 1895 952 uxor
1920 932 1957 951 se
1984 926 2018 952 et

230 989 493 1021 Monachchalum
521 997 581 1018 uno
610 987 736 1016 vinculo
765 987 793 1015 in
822 986 951 1025 pedihus
980 985 1247 1024 constrinxisset,
1290 985 1508 1014 Alnohmanus
1544 990 1618 1014 ante
1654 985 1729 1016 illud
1763 990 1884 1024 tempus
1918 985 2018 1015 redux

231 1063 288 1084 eos
315 1053 357 1082 ita
383 1052 499 1092 ligatos
527 1050 694 1080 inveniret.
749 1049 898 1079 Carceris
937 1049 1032 1089 igitur
1070 1047 1196 1078 custodi
1236 1056 1295 1076 suo
1322 1047 1477 1087 lheabb0,
1520 1057 1614 1087 quem
1649 1048 1701 1077 alii
1729 1058 1746 1076 e
1774 1052 1872 1088 gente
1899 1047 2019 1077 Lachm

233 1114 416 1153 oriundum,
455 1112 628 1152 Euphratis
662 1111 839 1151 dominum,
881 1112 930 1141 alii
966 1111 1062 1140 silium
1099 1109 1225 1139 lhcabbi
1262 1109 1486 1148 Taghlebitam
1515 1107 1637 1152 (conf.
1668 1110 1802 1140 Meidan.
1832 1110 1890 1148 24,
1920 1107 2019 1152 258.)

230 1179 332 1209 fuisse
360 1177 473 1214 dicunt,
501 1175 688 1216 puniendum
719 1174 856 1204 tradidit.
886 1173 946 1211 Qui
974 1183 1070 1213 quum
1090 1173 1394 1202 Almouachchalum
1421 1174 1546 1203 vinculo
1575 1174 1779 1203 constrictum
1805 1173 2018 1214 protraheret,

232 1241 285 1271 hic
311 1240 383 1270 filiis
411 1239 479 1268 suis
507 1238 566 1267 hos
593 1246 710 1266 versus
737 1236 859 1266 dixisse
886 1236 999 1265 fertur:
1029 1237 1138 1274 (metr.
1166 1236 1292 1275 YVafirJ)
1320 1231 1455 1265 Eheu!
1495 1237 1585 1275 quis
1621 1236 1783 1266 duobus
1819 1236 2019 1276 ingenuis

234 1303 279 1333 de
306 1311 364 1332 me
391 1303 573 1331 nuntium
601 1299 781 1339 perfert,
810 1298 997 1328 homines
1026 1304 1186 1337 patrem
1217 1298 1294 1328 iam
1323 1298 1555 1328 occidisse.
1584 1299 1799 1328 lhcabbus
1830 1298 1866 1327 in
1894 1301 2018 1338 gente

234 1364 383 1396 Maabd
411 1374 461 1393 ine
490 1362 775 1393 circumducit
802 1367 840 1392 et
868 1361 1020 1391 baculo
1048 1358 1182 1403 duro')
1210 1361 1247 1391 in
1275 1362 1459 1401 occipite
1486 1372 1544 1392 me
1574 1362 1765 1401 percutit.
1810 1361 1896 1391 Idem
1924 1361 2018 1391 dixit:

235 1426 478 1468 (metr.Chatif)
508 1426 547 1454 ln
575 1425 702 1455 medio
730 1422 953 1454 servornm
982 1424 1135 1454 caedes
1165 1435 1248 1455 mea
1275 1425 1360 1455 sine
1388 1425 1584 1455 vindicta
1612 1428 1904 1465 perpetratur,
1932 1423 2019 1453 dum

235 1501 335 1533 gens
364 1499 452 1520 mea
481 1498 585 1519 oves
616 1491 653 1519 in
683 1488 883 1528 pariendo
913 1489 1042 1520 iuvat.

231 1614 288 1642 22.
311 1612 424 1642 Crines
445 1613 553 1648 niyros
576 1612 679 1639 instar
700 1611 821 1639 arboris
848 1610 990 1638 Tannum
1011 1609 1164 1646 plectunt,
1188 1609 1243 1646 qui
1260 1608 1435 1644 prudenter
1455 1606 1546 1643 plexi
1566 1615 1629 1634 non
1653 1609 1737 1634 sunl.

333 1694 367 1722 ln
393 1692 453 1722 hoc
480 1701 602 1732 versu,
640 1692 692 1732 qui
720 1692 842 1721 nonnisi
870 1692 899 1720 in
927 1691 1110 1730 quibusdam
1138 1689 1372 1729 exemplaribus
1401 1689 1516 1729 legitur
1544 1692 1574 1718 et
1602 1698 1671 1718 cum
1697 1688 1851 1728 prioribus
1878 1697 1938 1716 non
1964 1696 2022 1717 co-

234 1757 341 1786 haeret
368 1760 422 1785 aut
451 1754 581 1784 feminas
609 1759 663 1783 aut
691 1754 863 1793 equitatum
891 1753 1066 1794 significari
1095 1753 1211 1782 dicunt.
1275 1752 1389 1782 Crines
1423 1761 1500 1781 suos
1536 1752 1712 1791 plectentes
1740 1751 1873 1780 feminae
1900 1750 2025 1780 descri-

234 1819 350 1849 buntur
386 1823 417 1847 et
455 1820 559 1847 crines
595 1817 680 1856 plexi
713 1827 783 1847 eum
818 1816 913 1845 ramis
945 1816 1065 1845 arboris
1092 1816 1233 1846 Tannum
1260 1815 1477 1845 conferuntur.
1532 1814 1636 1843 Arbor
1663 1814 1805 1843 'l'anuum
1834 1813 1872 1842 ob
1898 1813 2024 1854 nigrum

235 1882 373 1913 colorem
402 1880 524 1919 (conf.
552 1881 645 1911 Ham.
672 1890 700 1919 p.
723 1881 770 1908 wo
788 1879 806 1908 l.
830 1878 902 1919 10.)
933 1883 964 1908 et
991 1879 1131 1908 fortasse
1159 1878 1253 1907 etiam
1282 1878 1320 1907 ob
1348 1886 1505 1906 ramorum
1532 1875 1763 1905 similitudinem
1791 1885 1859 1905 cum
1889 1875 2025 1905 crinibus

236 1949 448 1984 comparatur.
499 1945 590 1974 Voce
616 1940 720 1983 0255,
760 1951 837 1981 quae
866 1941 994 1980 pluralis
1022 1940 1113 1969 vocis
1141 1938 1216 1979 offui
1245 1942 1313 1975 est,
1352 1942 1407 1967 aut
1442 1938 1502 1975 ita,
1539 1942 1572 1966 ut
1606 1936 1796 1967 adiectivum
1821 1937 2023 1967 substantivo

236 2008 450 2049 praepositum
478 2008 531 2047 sit,
559 2012 657 2037 totam
686 2006 829 2036 arborem
858 2004 978 2045 nigram
1005 2008 1059 2033 aut
1077 2006 1259 2041 serpenteS‚
1288 2001 1471 2040 quibuscum
1496 2002 1599 2030 crines
1618 2000 1702 2039 plexi
1731 1999 1868 2030 conferri
1889 2002 2024 2040 possint,

237 2068 412 2111 significari
448 2072 566 2107 putant.
619 2068 685 2098 Sed
712 2077 773 2097 non
796 2066 912 2100 video,
950 2065 1102 2104 quomodo
1130 2068 1298 2103 serpentes
1328 2073 1396 2094 cum
1424 2064 1486 2093 ista
1514 2064 1626 2093 arbore
1653 2063 1810 2092 coniuncti
1838 2065 1900 2093 sint
1927 2066 1957 2092 et
1985 2062 2027 2092 uil

238 2130 543 2173 obstarebvidetur,
582 2131 744 2168 quominus
771 2139 854 2159 voce
880 2126 988 2168 &sk-ul,
1022 2127 1141 2156 omisso
1169 2127 1395 2166 substantive,
1431 2126 1507 2155 rami
1534 2125 1655 2155 arboris
1684 2125 1764 2166 nigri
1792 2124 2025 2165 significentur.

238 2194 299 2232 Qui
327 2197 429 2223 autem
458 2193 626 2231 equitatum
656 2192 791 2222 describi
819 2196 978 2231 putarunt,
1006 2192 1027 2220 ii
1050 2199 1068 2219 a
1094 2198 1171 2218 vero
1200 2189 1295 2229 longe
1322 2190 1492 2219 aberrasse
1516 2189 1673 2229 videntur,
1702 2199 1784 2229 uam,
1813 2190 1875 2219 etsi
1902 2189 2027 2229 equites

238 2267 306 2288 cum
334 2256 538 2295 serpentibus
566 2255 603 2283 ob
633 2255 758 2294 malum,
787 2254 866 2293 quod
895 2253 1042 2282 hostibus
1072 2252 1222 2291 inferunt,
1253 2251 1390 2280 conferri
1415 2256 1567 2290 possunt,
1591 2256 1697 2281 tamen
1725 2257 1757 2281 et
1783 2252 1913 2281 verbum
1939 2246 2027 2282 υἱὲ-(ε

238 2324 345 2359 aptum
375 2328 435 2347 non
463 2327 537 2347 esse
573 2322 604 2346 et
639 2316 839 2355 comparandi
876 2315 983 2345 modus
1020 2315 1146 2356 longius
1186 2316 1343 2353 repetitus
1380 2313 1517 2343 videtur.
1570 2314 1774 2344 Scholiastes
1802 2318 1908 2343 autem
1936 2312 2024 2349 dixit,

239 2382 374 2411 verbum
402 2376 521 2425 &Aah
564 2388 623 2418 quo
652 2387 810 2417 personae
837 2376 998 2406 masculini
1027 2376 1153 2417 generis
1181 2375 1410 2417 designentur,
1441 2386 1542 2406 ‘renus
1571 2376 1752 2406 femininum
1781 2375 1915 2412 habere,
1943 2373 2027 2414 quod

1439 2402 1459 2417 ὃ

240 2443 279 2474 ad
307 2453 420 2473 vocem
449 2440 583 2478 &hcl-4?
613 2443 770 2482 agmina
797 2439 964 2469 referatur.

258 2584 285 2615 1)
305 2586 366 2609 Vox
385 2578 464 2610 ἴδοιο
484 2584 508 2607 ἰιι
529 2583 624 2607 lexicis
643 2589 694 2607 non
715 2582 859 2613 reperitur,
879 2580 923 2605 sed
943 2580 1033 2612 aliam,
1052 2587 1128 2611 quam
1148 2581 1236 2605 baculi
1255 2581 1314 2605 duri
1332 2580 1554 2612 significationem
1574 2580 1597 2603 ei
1616 2579 1696 2603 tribui
1717 2585 1794 2608 posse
1814 2583 1865 2601 non
1887 2580 1960 2607 puto.
