2247 2865
1009 114 1251 146 ..34-

240 226 407 257 Boraikae.
446 225 539 254 Hunc
573 228 682 254 autem
717 223 787 252 loco
823 217 1172 255 Karah-Schaiban1)
1201 215 1407 254 (monticulus
1437 213 1625 252 Scbaibani)
1654 212 1814 252 appellato
1841 212 2024 252 sepelivere

241 289 351 319 fractis
380 297 478 327 super
505 286 653 326 sepulcro
681 285 748 314 eius
774 283 835 313 olla
861 287 893 312 et
919 280 1066 311 scutella.
1095 278 1201 317 Quum
1228 287 1340 316 aquam
1366 277 1584 317 collegissent,
1615 286 1698 317 gens
1725 275 1961 305 Banu-Jarbuh
1985 275 2025 305 iis

242 351 340 382 dixit:
367 351 483 390 Aquae
509 349 633 379 dimidia
659 358 733 387 pars
750 357 791 377 ex
806 349 898 385 pacto
916 348 1027 372 nostra
1046 346 1108 371 est.
1137 339 1228 370 Gens
1248 344 1354 369 autem
1382 339 1610 368 Banu-Masen
1627 338 1723 368 dixit:
1751 338 1875 367 nonnisi
1901 339 2026 369 tertiam

242 419 365 454 partem
393 423 432 443 ea
458 412 649 451 conditione,
664 415 699 439 ut
725 408 919 448 pugnaretis,
948 403 1160 445 promisimus,
1191 405 1222 431 at
1249 410 1311 430 vos
1341 410 1468 441 pugnae
1483 400 1568 430 nullo
1589 399 1680 429 modo
1701 399 1903 429 interfuistis·
1931 399 2027 438 Aqua

243 476 282 508 ab
308 476 396 506 initio
420 479 531 504 nostra
557 477 644 511 erat;
669 471 826 501 abstinete
858 469 973 509 igitur,
1011 469 1066 497 aut
1102 473 1161 495 nos
1196 464 1324 493 lanceas
1350 467 1478 492 nostras
1504 464 1535 492 in
1558 466 1689 501 pectora
1714 467 1827 495 vestra
1852 461 2026 502 infigimus.

245 538 338 570 Gens
365 542 472 568 autem
496 533 675 565 'rsahlebah
702 533 828 565 dicens:
860 542 917 571 per
944 527 1065 561 Deum!
1105 529 1186 558 inter
1213 535 1273 557 nos
1301 528 1494 567 gentemque
1521 525 1748 555 Banu—Masen
1776 525 1861 555 nulla
1889 524 2027 557 conditio

245 604 316 641 est,
343 609 423 639 quae
449 597 538 627 nobis
566 596 616 625 ius
643 596 672 625 in
691 595 774 625 hanc
795 604 906 634 aquam
931 593 995 634 det,
1024 602 1081 622 eos
1098 591 1232 630 reliquit.
1285 588 1352 620 Sed
1369 592 1467 629 gente
1484 587 1690 627 Banu-Rijah
1705 587 1833 617 nolente
1853 587 2028 617 Kahnabus

246 667 278 693 et
294 661 493 692 Alahwazus
506 659 668 699 Rijahitae
694 658 754 688 isto
779 657 827 686 die
840 657 1015 696 vovebant,
1028 665 1065 684 se
1091 655 1193 684 locum
1212 653 1365 683 XVakaba
1386 662 1447 682 non
1467 659 1651 680 accessuros
1670 651 1732 681 nisi
1758 651 1851 691 equis
1878 649 2031 680 fraenatis

246 724 286 755 ad
314 721 530 764 pugnandum.
556 722 714 760 Tempore
735 720 915 750 intermisso
935 718 1021 759 genti
1039 717 1267 746 Banu-Maseli
1285 716 1322 745 de
1343 715 1516 754 improviso
1543 713 1810 754 supervenientes
1840 712 2030 745 camelorum

247 785 475 824 onerariarum,
492 792 572 822 quos
601 785 832 821 mactaverant,
861 780 1020 810 cadavera
1046 780 1076 809 in
1105 779 1411 819 puteumWakabae
1438 780 1652 808 coniecerunt.
1682 777 1788 816 Quum
1809 788 1886 808 vero
1907 787 2029 818 parvus

247 847 436 877 camelorum
463 846 586 876 illorum
614 845 719 884 pullus
746 843 924 873 ablactatus
952 842 1040 881 quasi
1068 851 1202 883 gemens
1238 846 1386 881 argutum
1430 850 1542 869 sonum
1576 839 1700 878 ederet,
1734 840 1935 870 Alahwazus
1974 840 2031 870 b.-

248 908 457 940 Alibd—Allah
483 907 623 947 Rijahita
650 906 745 936 dixit:
786 905 895 943 (metr.
925 904 1038 943 Sarih)
1081 903 1107 933 Ο
1136 903 1252 942 pulle
1280 912 1407 941 parve
1434 901 1648 931 ablactate
1678 901 1959 943 adfligens‘z);
1987 907 2032 933 tu

249 977 348 1011 potu
374 971 568 1000 satiatus
595 978 658 1007 es;
686 968 767 998 sile
787 968 916 1007 igitur
936 977 994 997 me
1014 976 1090 996 non
1109 965 1344 1006 adfligenS,
1372 974 1457 994 nam
1479 964 1596 1003 pullo
1618 965 1837 1002 ablactato
1863 965 2032 996 foenum

251 1035 343 1065 cibo
371 1033 558 1070 sufficit,
587 1041 715 1071 neque
745 1041 801 1060 me
829 1031 915 1070 ipso
944 1030 1038 1059 mihi
1065 1031 1202 1058 carior
1227 1036 1323 1057 esse
1344 1027 1461 1057 velis.
1497 1026 1600 1065 Quum
1615 1037 1692 1057 vero
1712 1037 1792 1069 gens
1809 1029 2034 1058 Banu-Masen

251 1105 307 1126 eos
336 1095 593 1125 animadvertens
622 1094 888 1134 cavisset‚fuga111
901 1096 1061 1132 ceperunt.
1103 1090 1237 1129 Quidam
1254 1094 1361 1119 autem
1389 1100 1406 1119 e
1423 1090 1535 1119 familia
1553 1089 1820 1120 Banu-Otsatsah
1838 1091 2035 1121 ben-Masen

251 1168 358 1189 eorum
386 1158 527 1199 vestigia
552 1157 666 1196 secuti,
692 1167 803 1196 aquam
837 1157 944 1198 gentis
974 1154 1197 1195 Banu-Rijah,
1214 1152 1261 1183 cui
1288 1162 1402 1182 nomen
1429 1151 1551 1182 Thalab
1578 1156 1658 1191 erat,
1685 1153 1896 1192 oppleverunt
1911 1152 2037 1183 iniectis

252 1221 343 1251 simul
364 1220 493 1250 camelis
510 1220 662 1250 onerariis
678 1220 850 1259 asinisque,
869 1217 1131 1258 quemadmodum
1152 1216 1196 1245 illi
1209 1215 1351 1255 ipsorum
1369 1224 1469 1254 aquae
1485 1214 1636 1245 fecerant.
1664 1216 1785 1246 Postea
1808 1217 1891 1245 inter
1917 1220 2035 1256 gentes

253 1284 498 1314 Banu-Masen
525 1287 557 1312 et
586 1281 839 1312 Banu-Jarbub
867 1285 972 1310 terrae
999 1281 1089 1319 quies
1115 1284 1184 1309 erat
1210 1288 1291 1319 pace
1319 1278 1416 1317 facta,
1440 1282 1472 1308 et
1499 1277 1589 1308 locus
1619 1278 1763 1308 Wakaba
1788 1280 1896 1319 gentis
1926 1279 2036 1309 Banu-

253 1346 370 1376 Masen
397 1355 416 1375 a
442 1345 566 1375 nemine
592 1345 777 1385 impugnata
801 1344 971 1383 possessio
999 1348 1076 1373 erat.
1103 1344 1188 1372 luter
1213 1342 1459 1380 carmina‚quae
1485 1341 1516 1371 in
1544 1341 1644 1372 locum
1659 1341 1814 1372 XVakaba
1840 1341 1924 1372 dicta
1950 1346 2035 1379 sunt,

253 1408 286 1439 id
312 1417 438 1449 quoque
465 1412 530 1437 est:
557 1419 646 1448 &za-...2
672 1402 771 1439 ψάλια
799 1403 836 1445 λα,
863 1407 960 1452 &mia-3
989 1406 1069 1433 ωάό
1094 1413 1286 1443 versusque,
1313 1412 1445 1442 quorum
1472 1408 1567 1448 antea
1592 1404 1705 1432 mentio
1733 1402 1817 1432 facta
1844 1408 1906 1433 est.

353 1471 577 1501 Derivatio
604 1464 807 1500 no'minum
834 1468 1079 1505 difficilium,
1099 1475 1263 1506 quorum
1290 1466 1426 1504 iniis,
1446 1475 1547 1504 quae
1575 1465 1734 1496 deloco
1762 1466 1951 1498 XVakaba
1977 1477 2039 1497 re·

256 1534 340 1564 lata
366 1538 484 1572 sunt,
512 1533 663 1563 mentio
692 1532 883 1562 occurrit.
911 1531 966 1560 De
992 1540 1151 1571 genere
1178 1528 1469 1559 Ahbd-Allabi
1496 1529 1524 1558 b.
1553 1529 1697 1558 Ahmir
1722 1529 1751 1558 b.
1782 1529 1940 1562 Corais.

356 1597 433 1627 Vox
450 1600 515 1644 5²55
550 1596 778 1625 deminutivum
806 1595 981 1623 derivatum
1008 1597 1057 1622 est
1084 1590 1181 1639 aj55
1213 1601 1347 1621 »saccus
1375 1600 1519 1630 parvus«
1547 1595 1602 1620 aut
1631 1590 1862 1630 ›iliippopera«.
1887 1591 1964 1621 Inde
1991 1593 2040 1622 vir

257 1669 371 1690 nomen
389 1658 446 1706 355⁷
473 1661 606 1698 accepit.
635 1658 713 1688 Cum
742 1657 802 1686 hoc
828 1666 953 1696 quoque
984 1655 1185 1695 proverbium
1215 1654 1351 1692 (Meid.
1376 1654 1413 1683 C.
1436 1653 1490 1689 10,
1507 1653 1582 1691 72.)
1611 1653 1774 1683 cohaeret.
1807 1653 1856 1684 »O
1884 1654 2040 1686 interdum

260 1731 374 1752 cursus
402 1722 431 1751 in
450 1730 583 1758 sacco«,
612 1721 701 1750 cuius
729 1720 818 1760 origo
847 1719 920 1748 talis
949 1718 1025 1747 fuit:
1054 1718 1176 1747 Pullum
1205 1717 1276 1755 equi
1305 1725 1420 1746 recens
1447 1720 1556 1744 natum
1577 1724 1668 1754 quum
1689 1725 1863 1754 possessor
1890 1717 1920 1746 in
1947 1726 2039 1747 sacco

259 1795 372 1815 secum
399 1789 551 1824 portaret,
575 1784 697 1824 quidam
725 1783 817 1813 dixit:
847 1781 873 1811 Ο
898 1780 1053 1810 interdum
1081 1788 1190 1810 cursus
1217 1780 1246 1808 in
1273 1788 1370 1808 sacco
1398 1778 1417 1808 i.
1445 1788 1473 1809 e.
1501 1779 1606 1818 pullus
1634 1777 1693 1815 hic,
1722 1789 1816 1819 quum
1842 1779 1933 1818 plene
1960 1780 2041 1810 ado-

262 1849 355 1887 levit,
382 1848 590 1878 vehementer
617 1851 733 1877 curret.
774 1845 849 1874 Vox
877 1846 936 1873 άλέι
963 1852 1129 1872 cursum
1157 1840 1326 1882 significat.
1355 1838 1444 1877 Quae
1472 1840 1572 1868 verba
1597 1841 1629 1869 in
1655 1841 1858 1878 proverbium
1884 1848 2043 1872 venerunt

262 1911 292 1940 in
319 1910 401 1939 omni
428 1919 462 1939 re
491 1908 681 1945 adhibitum,
722 1916 801 1945 quae
841 1905 946 1935 sutura
982 1908 1140 1943 speratur.
1182 1903 1273 1932 Licet
1300 1912 1422 1942 quoque
1449 1901 1631 1943 admittere,
1671 1911 1786 1932 vocem
1812 1903 1881 1950 535
1911 1903 2044 1934 formam

264 1973 449 2002 deminutivi
468 1982 555 2012 esse,
583 1974 672 2002 cuius
690 1970 904 2009 pronunciatio
922 1969 1041 1997 omissa
1057 1967 1161 1996 littera
1178 1966 1276 1995 lenior
1291 1965 1415 1995 reddita
1430 1966 1483 2005 sit,
1499 1969 1533 1994 ut
1557 1975 1575 1994 a
1593 1974 1677 1994 voce
1694 1961 1752 2013 »λζ
1767 1975 1811 1996 co
1823 1971 1916 1997 ntra
1928 1977 1945 1997 c
1957 1971 2043 2008 tus,

265 2033 467 2063 collectus
505 2042 618 2062 nomen
646 2032 826 2061 desumtum
853 2030 903 2059 sit.
930 2029 1018 2059 Dixit
1045 2033 1140 2067 poeta
1168 2027 1314 2057 Scham
1326 2026 1440 2057 mach
1470 2028 1563 2065 (con
1575 2027 1595 2056 f.
1624 2027 1721 2057 Meid.
1750 2028 1904 2067 append.)
1931 2033 2044 2060 metr.

265 2095 455 2125 'rhawil.:
493 2095 615 2133 Quum
642 2094 893 2134 aquationis
921 2092 1051 2121 locum
1079 2091 1309 2128 vidissent⁷
1349 2099 1461 2129 quem
1497 2089 1745 2119 reddiderat
1779 2089 2045 2121 inaccessum

266 2166 465 2187 venenum
496 2158 544 2188 ad
571 2158 683 2187 latus
712 2156 810 2193 loci,
838 2155 904 2184 ubi
928 2153 1103 2192 bibitur,
1133 2152 1395 2189 collectum«,
1435 2155 1487 2181 aut
1512 2151 1752 2190 deminutivum,
1776 2152 1865 2183 cuius
1906 2163 2046 2193 pronun-

267 2221 360 2252 elatio
387 2221 492 2251 littera
518 2221 637 2251 omissa
660 2221 758 2250 lenior
785 2219 908 2249 reddita
934 2219 987 2256 sit,
1008 2218 1096 2248 vocis
1116 2213 1198 2263 535,
1216 2223 1276 2253 qua
1302 2218 1357 2242 aut
1383 2212 1446 2243 lac
1474 2212 1538 2244 ,Σο-51
1569 2213 1761 2252 appellatum
1787 2223 1849 2243 non
1875 2215 1955 2244 bene
1980 2214 2046 2244 sic-

269 2290 376 2316 catum
403 2288 455 2314 aut
483 2284 551 2314 eius
579 2284 707 2322 species
734 2281 945 2323 significatur,
975 2280 1005 2309 iu
1034 2288 1093 2317 qua
1126 2277 1233 2317 planta
1255 2286 1404 2314 w>
1425 2276 1583 2314 appellata
1606 2276 1711 2314 posita
1737 2279 1796 2306 est.
1824 2277 1879 2306 Nil
1905 2275 2047 2315 impedit,

269 2347 435 2387 quominus
453 2346 522 2395 κρυ-ἶ
542 2346 727 2376 deminutivi
754 2346 860 2382 forma,
878 2343 1136 2384 pronunciatione
1159 2339 1256 2369 lenior
1279 2338 1412 2377 reddita,
1427 2337 1582 2367 habeatur
1601 2346 1620 2367 a
1635 2335 1717 2384 )'⁸;5›
1736 2347 1816 2376 quae
1837 2346 1902 2367 vox
1916 2337 2049 2368 arietem

272 2409 430 2450 designat,
465 2409 513 2439 cui
538 2418 647 2448 peram
676 2412 707 2437 et
731 2409 942 2437 instrumenta
967 2415 1025 2436 sua
1053 2402 1205 2444 portanda
1234 2407 1344 2441 pastor
1370 2401 1529 2439 imponere
1553 2400 1646 2430 solet.
1708 2399 1795 2429 Dixit
1826 2403 1922 2438 poeta
1947 2402 2049 2428 metro

290 2504 319 2532 1)
338 2505 399 2528 Non
418 2504 519 2534 dubito,
540 2504 603 2534 quin
620 2503 698 2528 locus
717 2506 777 2532 post
796 2503 895 2525 factum
907 2502 1007 2524 demum
1027 2506 1122 2523 nomen
1142 2499 1283 2528 acceperit.
1320 2498 1397 2530 Quod
1415 2497 1439 2521 iu
1459 2497 1515 2522 eius
1527 2497 1652 2527 sepulcro
1673 2496 1754 2520 ollam
1773 2496 1799 2518 et
1817 2493 1960 2517 scutellam
1974 2493 2049 2517 fran-

337 2550 443 2580 gebant,
461 2549 486 2572 id
505 2550 603 2573 fecisse
622 2549 754 2579 videntur,
773 2551 801 2571 ut
820 2547 978 2576 indicarent,
998 2545 1085 2568 virum
1104 2544 1242 2568 liberalem
1263 2547 1395 2568 mortuum
1415 2550 1483 2568 esse.

290 2606 320 2636 2)
340 2606 377 2630 De
396 2606 502 2635 Sacyus
520 2596 602 2641 ‘judi
631 2609 755 2626 canens
774 2601 915 2632 legendum
934 2602 1018 2630 putat.
