2247 2865
980 101 1251 132 —358—

223 211 347 237 torsum
373 207 404 234 et
430 203 598 233 verborum
626 201 850 243 significationi
884 202 986 230 minus
1015 205 1124 240 aptum
1161 199 1298 230 tribuant
1323 209 1454 229 sensum
1482 199 1588 240 hunc,
1625 203 1660 229 ut
1693 199 1920 239 vituperationi
1947 201 2007 231 sit:

221 268 309 299 Talis
336 271 370 296 tu
397 274 452 305 es,
487 269 522 295 ut
549 264 640 294 facile
673 269 703 293 te
732 263 948 304 ulciscantur,
985 263 1058 293 dum
1091 263 1130 293 ab
1162 263 1232 292 aliis
1259 261 1400 291 vindicta
1427 271 1497 291 cum
1526 261 1712 292 difficultate
1741 261 1886 291 sumitur.
1938 263 2009 292 1100

222 335 355 371 recepto
382 340 465 372 eum,
493 339 583 369 quem
610 328 786 369 significat,
815 326 929 355 sortem
956 335 1017 354 non
1047 334 1122 355 esse
1149 324 1235 355 dicit.
1288 325 1363 354 Vox
1391 321 1490 369 032.le
1518 324 1693 363 (debitum)
1721 323 1815 364 igitur
1842 323 1931 353 neeis
1958 324 2009 353 ul-

223 394 340 424 tionem
366 391 527 432 significat
554 394 586 418 et
612 398 678 417 vox
706 384 830 426 Qstmls'ih‘
858 396 913 425 pro
943 382 984 425 [ῳ
1012 382 1097 429 ²52³-ss
1125 383 1236 431 &affl
1263 389 1324 414 est.
1376 386 1430 416 Nil
1456 391 1560 416 autem
1589 386 1662 414 mihi
1690 385 1842 424 impedire
1869 385 2010 426 videtur,

221 455 388 496 quominus
415 452 518 482 laudis
543 459 661 479 sensus
689 449 798 478 verbis
825 448 934 477 inesse
962 452 1122 488 putemus7
1151 452 1184 477 ut
1212 448 1317 477 virum
1345 449 1441 478 talem
1470 448 1690 487 descripserit,
1718 448 1769 486 qui
1796 447 1881 477 nullo
1899 446 2011 477 mortis

222 518 366 560 periculo
394 517 522 546 territus
551 524 663 544 necem
690 513 814 543 ulturos
843 522 905 542 non
932 512 1057 553 fugiat3
1086 511 1141 542 sed
1169 511 1277 541 ulcisci
1303 511 1484 541 volentibus
1511 520 1548 540 se
1576 515 1725 549 opponat,
1750 510 1822 540 dum
1850 509 1901 552 alii
1924 519 2011 539 mor-

222 587 285 612 tem
314 580 445 609 evitent.
475 577 614 607 Similem
642 575 752 605 suffixi
779 575 809 603 in
839 584 919 603 voce
948 571 1073 613 1ξῄκοὶἒὲ
1100 573 1225 603 modum
1254 574 1283 601 in
1312 582 1409 602 versu
1430 571 1540 601 Lebidi
1568 571 1715 600 videmus
1736 573 1844 609 (metr.
1861 570 2011 609 Cantent

222 643 352 674 Primo
381 638 561 669 diluculo
590 647 712 667 manc
747 636 932 665 venicus
960 636 998 665 in
1025 636 1115 665 eius
1152 644 1193 664 re
1227 634 1482 664 necessaria
1519 633 1608 664 vici
1645 634 1840 674 gallinas
1866 633 1887 662 i.
1915 642 1943 662 e.
1971 632 2012 662 ad

221 715 294 736 eum
324 703 452 734 venicus
479 706 552 731 ante
579 706 727 740 tempus,
755 709 817 739 qno
846 699 984 740 gallinae
1012 703 1165 739 surgunt,
1198 698 1228 728 in
1256 707 1289 726 re
1318 697 1390 726 mihi
1417 706 1486 726 cum
1515 696 1586 735 ipsa
1613 696 1821 733 necessaria,
1846 705 1919 725 nam
1945 704 2012 725 vox

223 765 353 808 Qu>
381 773 437 805 pro
467 761 536 802 LgffJl
562 759 683 804 έὶῷὶ>
718 767 779 791 est,

219 877 254 906 4.
282 875 377 904 Viros
399 873 544 902 sedentes
565 874 597 899 et
617 872 684 900 eius
706 881 804 900 causa
826 872 1012 900 anhelantes
1035 872 1120 900 rides
1143 873 1230 900 modo
1250 873 1468 909 parturienlis.
1495 881 1590 910 quum
1614 874 1737 899 περαίης
1759 873 1916 907 anquslus
1936 873 1992 899 est.

320 956 381 985 Hic
410 963 528 984 versus
556 953 585 981 in
614 953 771 982 Mcrsukii
797 953 907 982 codiee
934 962 995 982 non
1022 953 1146 993 legitur,
1176 954 1226 993 qui
1253 953 1281 982 si
1309 962 1381 982 cum
1408 952 1670 982 antecedentibus
1692 951 1856 993 cohaeret,
1885 952 1924 982 ad
1942 952 2013 982 bel-

221 1020 285 1050 lum
313 1019 343 1047 in
370 1016 510 1047 secundo
536 1026 637 1046 versu
665 1021 718 1045 aut
746 1016 785 1045 ad
812 1015 975 1055 ultionem,
1003 1015 1093 1045 cuius
1124 1016 1152 1045 in
1182 1016 1272 1045 tertio
1300 1025 1400 1044 versu
1429 1015 1546 1044 mentio
1574 1020 1635 1055 est,
1664 1015 1803 1054 respicit.
1856 1015 1938 1045 Aliis
1958 1019 2014 1045 aut

215 1082 337 1112 bellum
364 1084 418 1110 aut
445 1079 614 1109 vindictam
646 1089 779 1119 magnas
807 1080 973 1108 molestias
1001 1088 1110 1109 creare
1138 1079 1220 1108 (licit.
1248 1079 1323 1107 Illas
1351 1077 1513 1107 molestias
1541 1087 1613 1107 cum
1643 1077 1803 1107 doloribus
1831 1077 2012 1116 parturien-

223 1145 278 1185 tis7
307 1153 387 1183 quae
415 1142 544 1172 multum
571 1142 600 1170 in
632 1141 749 1171 difficili
776 1146 868 1180 partu
896 1142 1035 1181 anhelat,
1063 1141 1204 1171 contulit.
1241 1139 1400 1169 Suffixum
1429 1135 1469 1178 l-ga'
1497 1144 1551 1169 aut
1579 1139 1619 1169 ad
1645 1139 1759 1169 bellum
1784 1144 1841 1169 aut
1868 1138 1907 1169 ad
1934 1148 2012 1178 rem,

228 1208 322 1238 cuius
340 1209 371 1237 in
400 1214 499 1235 versu
528 1204 737 1234 antecedente
764 1204 881 1233 mentio
908 1204 992 1233 sacta
1020 1209 1082 1245 cst,
1108 1203 1217 1233 referri
1243 1206 1362 1241 potest.

1033 1302 1202 1335 (mila.

607 1367 748 1403 Dixit
771 1367 1012 1402 Solam-aih
1036 1369 1082 1402 b.
1107 1368 1373 1401 Hssmvasch
1399 1365 1626 1400 Ahbsita.
2000 1376 2018 1391 ν

324 1443 452 1473 Nomini
477 1441 635 1472 Schoraih
663 1441 764 1470 forma
790 1440 975 1471 deminutivi
1001 1445 1062 1470 est.
1116 1442 1207 1470 Hanc
1232 1440 1302 1469 eius
1328 1439 1461 1469 formam
1489 1444 1634 1477 tanquam
1658 1437 1871 1468 necessariam
1899 1437 1927 1467 ei
1955 1437 2014 1467 da-

226 1509 289 1536 tam
316 1513 390 1534 esse
417 1504 533 1533 dicunt.
586 1503 643 1532 Sic
669 1502 868 1543 iudicarunt,
903 1502 987 1542 quod
1020 1512 1108 1541 vox,
1144 1512 1162 1532 e
1191 1512 1251 1541 qua
1279 1502 1380 1531 forma
1407 1501 1593 1531 deminutivi
1621 1500 1803 1540 derivatur,
1842 1505 1917 1530 nota
1952 1510 2014 1530 non

226 1570 287 1605 est,
312 1564 466 1604 siquidem
493 1574 512 1593 a
537 1573 619 1593 voce
646 1564 780 1593 nominis
808 1564 956 1604 actionis,
984 1564 1040 1593 nisi
1066 1569 1161 1593 antea
1187 1564 1216 1593 in
1243 1575 1356 1594 nomen
1384 1565 1541 1604 proprium
1574 1563 1755 1604 transierit,
1784 1563 2014 1593 deminutivum

224 1629 379 1669 originem
406 1627 521 1656 ducere
552 1636 613 1655 non
641 1628 754 1665 possit,
784 1626 916 1655 similem
942 1627 1014 1655 voci
1041 1628 1130 1663 &stac-25
1158 1627 1309 1656 rationem
1338 1636 1423 1656 esse.
1477 1627 1561 1655 Fieri
1589 1626 1686 1666 igitur
1714 1630 1844 1666 potest,
1871 1631 1906 1655 ut
1931 1635 2013 1666 gens

224 1693 302 1744 εἴθ’-ἰ
318 1695 394 1731 5³:¹2
432 1681 570 1719 sortas'se
598 1699 615 1718 a
643 1688 788 1727 pudendo
817 1688 958 1717 mulieris
985 1690 1164 1727 appellata,
1201 1689 1318 1718 formae
1347 1689 1533 1718 deminutivi
1563 1698 1674 1718 nomen
1708 1689 1880 1727 despectus
1919 1697 2014 1718 causa

224 1755 394 1792 acceperit.
447 1753 571 1781 Nomen
598 1750 768 1780 Kirwasch
797 1755 903 1780 autem
931 1760 1045 1780 nomen
1072 1751 1252 1789 primarium
1278 1753 1452 1789 inventum,
1479 1751 1517 1780 ab
1548 1751 1608 1780 atio
1636 1750 1760 1779 nomine
1786 1759 1847 1778 non
1875 1750 2015 1779 transla-

224 1821 288 1847 tum
316 1819 435 1855 putant.
488 1815 571 1844 Huic
599 1815 715 1843 nomini
742 1823 761 1843 a
787 1823 869 1843 voce
899 1814 1058 1843 Karsch
1094 1813 1293 1852 provenienti
1328 1822 1426 1842 voces
1453 1810 1572 1865 ὰῇιὶφ,
1610 1811 1713 1863 3533,
1749 1810 1856 1855 Uul-„o
1893 1812 2015 1841 similes

226 1883 309 1909 sunt.
348 1878 476 1907 Dirwas
506 1877 594 1906 canis
620 1886 736 1906 nomen
764 1881 813 1906 est
842 1878 873 1905 in
900 1877 1062 1916 versibus,
1091 1885 1170 1915 quos
1197 1878 1428 1916 grammaticus
1454 1876 1624 1905 Abu-Ami
1651 1885 1668 1905 a
1696 1875 1903 1916 grammatico
1923 1875 2016 1904 Abu-

228 1940 306 1970 Said
331 1941 452 1970 relatos
478 1940 625 1970 recitavit
646 1939 925 1977 (mctr.Basith):
952 1939 1334 1978 pernoctavimus,
1362 1937 1447 1967 dum
1475 1938 1641 1978 glacies
1668 1937 1813 1966 tenuis
1841 1937 2016 1976 pluviae

227 2004 337 2044 apud
364 2003 614 2033 Alnadulum
643 2008 775 2032 noctu
802 2011 883 2031 nos
912 2002 1199 2041 percutiebat,
1239 2001 1301 2040 qui
1329 2001 1493 2032 latratu
1519 1997 1800 2032 Dirwasi'nos
1830 2011 2016 2040 excepe-

227 2072 303 2109 rayt.
356 2067 435 2097 Cui
461 2076 583 2105 quum
610 2066 721 2095 lacte
748 2075 891 2095 earum
926 2064 1122 2105 mulgens
1155 2068 1331 2094 ventrem
1359 2064 1645 2104 complesset,
1682 2064 1813 2104 podex
1848 2064 2015 2094 multum

227 2138 375 2160 sonans
401 2128 577 2159 cecinit.

226 2239 256 2268 1.
280 2238 384 2274 Quum
406 2239 542 2266 animam
566 2239 744 2265 commotam
766 2237 922 2269 vidissem,
947 2246 1060 2265 versus
1077 2235 1254 2265 Blislmlum
1269 2245 1336 2264 eam
1355 2235 1458 2273 repuli
1470 2238 1501 2264 el
1514 2235 1618 2274 qualis
1633 2235 1687 2264 illa
1704 2236 1824 2263 reditus
1839 2235 1918 2262 Imra
1929 2232 2019 2262 erat!

326 2316 453 2345 Arabes
484 2315 554 2353 ipsi,
582 2314 633 2352 qui
661 2313 826 2342 fortissimi
855 2313 961 2343 haberi
990 2314 1112 2354 volunt,
1142 2314 1277 2343 animam
1302 2313 1389 2342 initio
1418 2322 1544 2353 pugnae
1571 2318 1604 2342 et
1628 2313 1658 2341 in
1685 2311 1817 2351 periculi
1836 2310 2016 2340 discrimine

229 2383 419 2410 commotam
450 2378 570 2418 fnisse,
611 2382 644 2406 ut
672 2377 701 2405 in
730 2376 836 2415 fugam
864 2385 898 2405 sc
927 2380 1116 2405 convertere
1145 2378 1297 2414 cuperet,
1338 2372 1478 2412 profiteri
1515 2372 1597 2402 haud
1635 2382 1733 2413 aegre
1772 2371 1876 2401 ferunt
1911 2370 2014 2399 conf.

231 2442 360 2472 Hamas.
389 2451 418 2480 p.
437 2441 482 2470 74
516 2450 547 2469 v.
568 2439 597 2469 1.
626 2449 654 2478 p.
675 2438 721 2468 76
748 2447 778 2466 v.
795 2437 826 2466 2.
857 2446 885 2475 p.
900 2437 945 2466 65
974 2447 1004 2465 v.
1024 2437 1052 2469 1.
1081 2447 1110 2476 p.
1131 2437 1208 2466 175.
1230 2435 1308 2465 181.
1325 2435 1405 2465 200.
1426 2439 1501 2465 text.
1520 2436 1606 2474 Ain).
1633 2435 1689 2464 Sic
1706 2438 1800 2473 poeta
1815 2436 1922 2462 noster
1938 2442 2015 2461 con-

230 2503 347 2541 fitetur,
380 2512 416 2532 se
443 2502 575 2542 primum
602 2501 714 2530 timore
742 2498 876 2538 quodam
904 2502 1093 2527 commotum
1123 2497 1313 2534 recessisse,
1342 2504 1406 2527 tum
1424 2507 1502 2527 vero
1529 2508 1567 2527 se
1594 2499 1693 2536 ipsum
1722 2497 1885 2537 coegisse.
1914 2502 1947 2527 ut
1975 2497 2012 2526 ad

232 2565 402 2596 Mishalum
428 2562 661 2594 deliberandum
690 2561 720 2590 in
747 2570 884 2602 pugnam
912 2559 1040 2590 rediret.
1092 2560 1246 2590 Narravit
1277 2559 1571 2600 Abu-RijaschuS,
1599 2559 1809 2589 Sclioraihum
1837 2559 1865 2588 b.
1893 2559 2014 2590 Moshir
