2247 2865
987 111 1259 143 —424—

229 230 259 260 p.
279 217 350 249 213
369 212 454 260 sqq.)
479 215 674 257 significare,
701 223 808 245 omnes
835 213 966 253 dicunt3
993 212 1049 243 sed
1076 214 1107 242 in
1133 210 1365 253 significatione
1392 209 1484 240 vocis
1502 208 1661 239 Arabicae
1687 209 1814 249 propria
1839 208 2016 240 definienda

229 281 405 311 astronomi
430 279 461 308 in
486 280 595 308 varias
625 276 804 307 sententias
833 275 947 305 abiere.
987 273 1107 304 Omnes
1127 279 1235 304 autem
1265 278 1297 303 et
1324 271 1488 303 derivandi
1519 275 1550 302 et
1577 270 1748 301 definiendi
1766 270 2016 313 vmodos'falsos

232 353 309 374 esse
335 347 414 382 puto
441 346 570 382 praeter
599 350 693 377 eum,
732 347 792 377 quo
829 347 896 367 vox
933 346 1028 366 ovem
1064 336 1186 376 nigram
1219 337 1251 366 in
1283 336 1387 366 medio
1416 345 1550 375 corpore
1578 335 1678 365 albam
1706 334 1874 376 significat.
1927 334 2018 366 Hunc

233 409 355 436 rectum
374 413 463 444 esse,
490 414 532 433 ex
558 412 596 432 eo
624 410 747 441 quoque
774 399 934 440 videmus,
962 398 1043 437 quod
1070 397 1164 427 stella
1189 398 1211 435 β
1237 407 1255 428 a
1281 397 1438 428 nonnullis
1467 386 1575 446 ³553!
1603 394 1663 443 &b
1694 402 1828 437 »pastor
1848 397 1931 435 ovis,
1960 408 2019 427 eu-

229 468 278 499 ius
305 467 442 497 medium
469 473 582 503 corpus
613 463 717 493 album
745 465 818 491 est«
849 460 1011 500 appellata
1037 464 1100 492 est.
1153 459 1341 489 Mei-sulzius
1369 469 1494 499 quoque
1526 460 1619 501 dicit,
1647 448 1759 508 5535
1786 460 1831 490 ita
1857 460 2021 500 appellari,

232 529 316 572 quod
344 529 413 559 eius
439 527 574 558 medium
601 526 705 555 album
733 524 783 555 sit.
835 523 926 553 Hanc
964 532 1090 563 quoque
1126 521 1216 551 vocis
1255 521 1415 560 propriam
1452 520 1720 562 significationem
1756 531 1850 561 esse,
1885 531 1927 551 ex
1961 531 2023 552 usu

232 592 324 622 verbi
351 586 451 623 wll-m
479 586 710 627 quodammodo
738 589 892 624 apparet,
930 594 1120 624 quamquam
1158 584 1239 613 enim
1272 583 1465 613 scholiastes
1497 583 1630 613 verbum
1663 593 1747 614 voce
1772 583 1893 630 unffi)
1922 584 2023 614 minus

235 657 383 685 accurate
412 650 608 691 explicavit,
636 654 762 686 tamen,
788 647 819 677 id
846 646 929 686 quod
959 652 1075 686 poetae
1102 651 1175 676 ante
1203 646 1311 676 oculos
1337 645 1439 675 fuisse
1465 645 1616 686 videtur,
1651 647 1784 677 verbum
1810 647 1948 677 maxime
1977 647 2026 676 si-

235 715 386 757 gnificat,
423 712 538 744 animal
565 711 697 742 caudam
723 718 865 740 movere.
919 709 1000 739 Cum
1027 709 1088 739 isto
1116 709 1221 738 sidere
1249 708 1354 738 oriens
1380 707 1469 738 sidus
1496 708 1681 748 Pleiadum,
1714 709 1797 748 quod
1823 711 1960 741 maxime
1986 712 2026 741 ob

237 776 438 817 splendorem
474 785 565 805 suum
607 778 662 805 aut
700 772 782 813 quod
812 773 972 803 Arabibus
1000 772 1231 814 gravissimum
1268 775 1371 808 esset,
1410 768 1539 808 „2238
1575 771 1706 801 sidus
1744 773 1938 812 appellatum
1974 779 2028 804 est

238 839 364 879 (conf.
390 838 494 868 Ideler
522 838 542 867 l.
568 837 621 867 cit.
649 847 679 876 p.
697 836 808 874 142),
836 840 930 875 poeta
945 834 1116 865 coniunxit.
1145 835 1272 864 Sensus
1300 838 1371 864 est:
1400 833 1534 872 Quando
1562 833 1649 863 initio
1677 835 1781 864 noetis
1809 834 1899 864 sidus
1930 835 2027 865 Orio-

235 905 286 932 nis
314 901 353 932 ad
380 901 460 932 coeli
503 901 627 931 culmen
653 909 691 929 se
718 899 840 929 adtollit
874 903 906 929 et
932 898 1081 928 Pleiades
1116 897 1214 937 primo
1252 896 1390 926 diluculo
1427 896 1581 925 oriuntur.
1634 897 1701 926 Isto
1740 901 1849 927 autem
1884 901 2030 937 tempore

238 973 391 995 summum
417 966 540 993 aestum
567 971 667 1002 esse,
701 970 741 991 ex
768 961 916 991 versibus
944 961 1049 990 citatis
1075 960 1219 990 videmus
1247 955 1348 1001 (metr.
1379 953 1524 1000 Chafif):
1568 956 1673 995 Quis
1708 963 1936 989 accusator
1970 969 2030 990 me

239 1024 496 1065 accusavit,
536 1028 580 1054 ut
608 1028 739 1063 potus
778 1033 894 1053 meus
933 1023 1282 1063 abrumperetur,
1320 1031 1434 1061 quum
1470 1020 1596 1050 sidus
1635 1022 1894 1062 geminorum
1920 1032 2031 1053 mane

237 1088 402 1119 bibenti
439 1087 558 1117 lucet
585 1090 628 1116 et
663 1085 833 1116 locusta
872 1085 1057 1127 glaream
1096 1083 1273 1123 pedibus
1314 1085 1414 1112 suis
1454 1082 1659 1121 dispellit
1697 1087 1736 1113 et
1774 1087 1891 1113 terra
1928 1083 2031 1114 dura

239 1150 368 1191 ignes
404 1157 501 1178 suos
535 1146 740 1177 accendit
762 1147 799 1186 ¹).
852 1147 963 1177 Verba
999 1141 1077 1193 &ll-b
1105 1142 1250 1185 fisum,
1281 1143 1539 1174 antecedentium
1566 1144 1663 1174 statui
1689 1144 1899 1175 describendo
1926 1145 2033 1175 inser-

236 1210 337 1241 viunt.
389 1208 558 1239 Sententia
584 1212 691 1238 autem
718 1217 940 1249 consequens,
969 1217 1050 1247 quae
1077 1208 1177 1237 verba
1203 1203 1303 1240 ,9Δῑ-ιὲ)
1331 1204 1370 1235 Ul
1399 1211 1554 1244 sequatur
1578 1215 1714 1236 necesse
1741 1211 1810 1247 est,
1838 1211 1894 1237 aut
1917 1207 2034 1237 omissa

242 1277 294 1303 est
322 1268 419 1315 (ῳῖΦῖ
446 1270 591 1312 fugam
618 1269 800 1309 capiam)
828 1274 884 1299 aut
910 1269 941 1298 in
967 1279 1067 1300 sensu
1094 1269 1264 1299 verborum
1291 1268 1493 1309 sequentium
1520 1268 1620 1309 latet,
1645 1278 1717 1299 nam
1744 1269 1905 1299 sententia
1931 1271 2034 1309 parti—

241 1334 343 1365 culam
372 1330 411 1362 535
445 1342 566 1372 quum
593 1331 779 1362 necessario
806 1341 946 1371 sequens
973 1332 1074 1362 verbo
1103 1331 1254 1361 efficitur.

240 1445 272 1474 2.
296 1444 367 1481 qu
389 1444 480 1478 enim,
506 1443 537 1471 si
554 1443 704 1479 princeps
726 1443 849 1470 veniam
872 1445 1010 1477 recusat,
1037 1443 1116 1471 milei
1137 1443 1207 1480 ipsi,
1232 1443 1264 1471 si
1284 1441 1361 1477 volo,
1385 1443 1509 1471 veniam
1533 1442 1705 1471 concedere
1725 1451 1865 1479 possum.

258 1568 261 1570 v
342 1524 406 1563 Se,
441 1533 539 1564 quum
563 1522 692 1553 veniam
719 1522 869 1563 principis
896 1532 958 1553 non
984 1525 1164 1565 acceperit,
1200 1523 1400 1554 nihilominus
1435 1523 1600 1554 consilium
1625 1533 1720 1553 suum
1745 1527 1934 1553 secuturum
1961 1532 2038 1553 esse

245 1588 327 1618 dicit.

342 1648 628 1689 Abu-Rijaschus
665 1648 705 1679 ad
737 1658 856 1679 versus
883 1648 1091 1688 explicandos
1117 1648 1286 1688 sequentia
1312 1647 1447 1680 adtulit:
1486 1647 1588 1678 Poeta
1623 1651 1768 1686 tempore
1793 1647 1900 1677 lslami
1935 1648 2037 1679 auda-

245 1713 448 1744 cissimorum
484 1712 626 1742 Arabum
661 1721 741 1742 unus
777 1717 856 1742 erat.
920 1711 1056 1749 Quidam
1095 1711 1267 1752 Graecus,
1310 1712 1549 1753 cognominatus
1587 1711 1895 1750 Sahd-Althalajih
1930 1710 2036 1749 (Sah—

246 1775 305 1806 dus
333 1775 588 1815 procubitorum)
614 1774 654 1804 ad
679 1777 784 1804 virum
811 1775 983 1813 veniebat,
1019 1774 1070 1814 qui
1097 1775 1318 1814 expeditiones
1345 1775 1375 1804 in
1405 1779 1522 1804 terram
1547 1773 1745 1804 Graecorum
1772 1772 1928 1812 ducebat,
1959 1772 2039 1811 (ini-

244 1837 288 1868 tio
325 1836 408 1867 enim
447 1836 556 1866 Islami
593 1836 675 1866 tales
711 1835 935 1875 expeditiones
961 1833 1056 1864 Raab-2
1087 1837 1265 1876 appellatas
1301 1838 1469 1878 quotannis
1490 1837 1520 1877 2)
1556 1837 1663 1867 facere
1698 1835 1885 1877 solebant),
1926 1840 2040 1875 petens

244 1905 279 1931 ut
319 1909 387 1930 cum
423 1899 492 1938 ipso
531 1899 708 1928 exercitum
741 1899 909 1936 mitteret,
960 1899 1046 1928 velle
1084 1900 1164 1929 enim
1202 1910 1240 1930 se
1289 1900 1486 1931 Graecorum
1523 1899 1608 1929 nuda
1644 1899 1736 1937 loca,
1777 1908 1834 1938 per
1871 1907 1952 1937 quae
1991 1897 2041 1927 in-

246 1963 322 1993 vadi
355 1962 500 2002 possint,
543 1965 757 1991 ostensurum.
817 1960 952 1990 Solebat
986 1966 1093 1991 autem
1129 1961 1255 2001 lougius
1290 1961 1456 2000 profectus
1490 1961 1520 1990 in
1556 1960 1687 1990 insidias
1719 1960 1836 1989 milites
1873 1959 2042 1997 abducere,

246 2029 282 2055 ut
309 2023 537 2054 occiderentur.
595 2021 687 2060 Quod
720 2031 815 2061 quum
853 2031 953 2061 saepe
979 2022 1177 2060 accidisset,
1217 2023 1281 2052 dux
1314 2022 1652 2053 Mohammedanorum
1686 2031 1757 2051 cum
1793 2021 1845 2051 illo
1876 2021 1946 2050 viro
1980 2031 2043 2051 ve-

248 2085 354 2116 niente
389 2089 515 2123 poetam
555 2088 700 2113 nostrum
735 2084 830 2113 misit.
883 2083 985 2122 Quem
1014 2093 1107 2123 quum
1142 2084 1173 2114 in
1207 2085 1429 2115 arundinetum
1455 2085 1582 2115 mittere
1614 2084 1735 2124 vellet,
1776 2083 1849 2113 dum
1884 2083 1954 2123 ipse
1988 2093 2044 2113 re-

250 2148 414 2187 manebat,
449 2146 500 2176 hic
535 2157 606 2177 eum
634 2147 870 2188 interrogavit:
913 2145 994 2176 Uter
1020 2149 1095 2177 viae
1121 2146 1215 2177 index
1241 2144 1363 2177 esset?
1402 2151 1436 2177 et
1473 2157 1566 2186 quum
1602 2146 1803 2176 nihilominus
1829 2150 2045 2177 retromanere

249 2210 372 2251 vellet,
409 2213 507 2248 poeta
541 2208 645 2238 dolum
682 2218 881 2250 cognoscens
920 2219 994 2239 eum
1032 2210 1201 2240 interemit.
1254 2211 1335 2240 Tum
1370 2210 1413 2241 ibi
1446 2210 1510 2240 dux
1541 2209 1667 2249 quidam
1707 2208 1904 2239 Graecorum
1937 2211 2046 2238 contra

249 2282 323 2302 eum
352 2271 476 2311 prodiit.
529 2270 623 2300 Hunc
649 2270 786 2310 occidit3
826 2271 896 2311 ipse
931 2275 1036 2302 autem
1074 2272 1208 2303 duorum
1247 2273 1416 2314 digitorum
1453 2274 1606 2303 iacturam
1641 2280 1760 2311 passus
1788 2275 1849 2300 est.
1901 2269 2045 2310 Rediens

252 2343 347 2373 quum
374 2334 413 2364 de
428 2333 537 2364 Sahdo
563 2333 827 2375 interrogaretur,
857 2334 916 2365 hos
943 2334 1075 2373 protulit
1100 2344 1220 2365 versus
1250 2336 1359 2374 (metr.
1380 2336 1544 2376 Thawil):
1577 2335 1686 2374 Quot
1714 2339 1813 2364 sunt
1839 2333 1886 2363 de
1913 2331 2044 2362 Sahdo

270 2452 298 2483 1)
317 2453 377 2476 Non
396 2455 468 2483 puto,
488 2458 582 2476 vocem
600 2445 687 2494 §bs-[l
707 2454 739 2477 de
757 2452 878 2484 capellae
897 2453 983 2476 sidere
1000 2452 1204 2483 intelligendam
1223 2460 1297 2484 esse,
1317 2461 1394 2484 quum
1413 2455 1438 2478 id
1448 2449 1529 2499 fall
1549 2462 1645 2480 nomen
1663 2455 1767 2479 habeat.
1787 2453 1836 2477 Est
1853 2452 1941 2484 potius
1959 2443 2048 2493 9-0)ὅῖ

319 2505 427 2535 omissa,
446 2505 507 2534 quia
525 2505 552 2528 in
569 2505 630 2528 solo
650 2504 717 2528 duro
737 2508 762 2528 et
779 2505 876 2535 glarea
894 2504 1047 2527 abundante
1066 2504 1246 2527 incedentibus
1266 2505 1347 2530 ardor
1364 2507 1431 2530 solis
1451 2508 1563 2530 maxime
1581 2507 1705 2530 sentitur.

269 2550 300 2581 2)
319 2552 407 2575 Hasce
421 2551 600 2581 expeditiones
613 2548 814 2582 Omajjadarum
833 2552 951 2579 tempore
970 2555 1019 2578 per
1036 2548 1139 2578 aliquot
1157 2555 1242 2572 annos
1262 2551 1430 2576 intermissas
1449 2553 1538 2576 denuo
1550 2551 1762 2576 Ahhbasidarum
1782 2551 1900 2579 tempore
1913 2554 1984 2572 anno
1997 2547 2049 2571 139

322 2596 433 2627 primum
452 2600 592 2627 susceptas
611 2604 668 2621 esse
686 2598 785 2622 scImus
806 2597 891 2628 (cons.
910 2597 972 2621 libr.
990 2602 1024 2620 m.
1043 2596 1149 2620 Selecta
1167 2603 1200 2620 ex
1220 2596 1331 2620 historia
1349 2596 1444 2620 Halebi
1462 2603 1486 2627 p.
1506 2595 1574 2626 12.)-
