2247 2865
1023 104 1294 134 —648—

263 205 291 234 5.
314 205 365 234 Ne
384 205 417 232 in
438 204 507 232 eius
528 201 609 231 malo
631 204 773 230 metuens
796 202 976 234 inveniaris,
1003 203 1096 238 quasi
1118 202 1152 229 in
1173 211 1207 230 eo
1230 202 1370 230 morbum
1393 201 1483 229 celes.

360 275 494 313 Monet,
514 281 572 317 *ne
599 271 628 300 in
656 270 837 300 calamitate
864 269 1109 308 superveniente
1136 270 1237 300 timori
1264 280 1300 300 se
1327 270 1449 306 tradat,
1487 269 1578 309 quasi
1612 270 1680 301 eius
1710 271 1881 302 remedium
1909 282 1970 302 non
1997 274 2047 305 sit.

262 340 294 368 ln
322 337 502 377 posteriore
527 344 645 364 versus
672 337 782 372 parte,
815 331 1002 369 calamitati,
1030 332 1076 361 cui
1101 331 1272 361 remedium
1301 341 1363 361 non
1390 337 1458 373 est,
1483 341 1553 362 cum
1581 333 1688 362 morbo
1716 334 1828 375 gravi,
1864 337 1918 375 qui
1944 337 2048 366 sanari

263 410 323 430 non
341 403 462 440 potest,
489 397 696 436 comparavit.
727 396 826 424 Poeta
853 398 957 423 autem
985 403 1066 423 voce
1093 405 1156 436 ἵκω
1185 394 1420 433 (abscondens)
1448 404 1527 424 usus
1555 395 1695 434 videtur,
1724 401 1758 426 ut
1786 398 1984 439 ostenderet,
2013 409 2048 429 re

263 472 342 493 vera
368 461 451 492 illam
480 460 689 490 calamitatem
717 457 812 487 talem
841 465 901 485 non
929 455 1073 496 inveniri,
1103 461 1146 497 ut,
1174 457 1224 495 qui
1255 467 1324 487 eam
1353 457 1448 487 talem
1476 467 1551 488 esse
1578 462 1679 499 putet,
1707 460 1735 488 ei
1763 461 1868 490 similis
1897 462 1956 503 sit,
1994 463 2048 503 qui

263 527 401 558 morbum
430 523 635 553 insanabilem
664 522 702 550 ab
729 521 859 550 aliorum
888 520 989 549 oculis
1017 519 1163 550 occultet.
1217 520 1300 549 Sunt
1327 524 1446 561 autem>
1475 521 1524 559 qui
1552 518 1670 558 Ml
1700 529 1766 567 Γλω
1794 521 1950 565 (morbum
1977 535 2048 555 ma-

263 585 434 631 nifestaus)
462 588 571 628 legant
597 586 617 614 i.
645 594 673 614 e.
703 584 793 623 quasi
820 583 849 612 in
877 592 915 611 ea
942 582 1120 611 calamitate
1149 582 1288 613 morbum
1315 583 1514 623 manifestas,
1541 594 1633 624 quem
1661 585 1712 616 alii
1739 586 1823 616 haud
1849 592 1974 617 norunt.

262 697 331 738 (1).
353 693 490 736 363.)
519 695 550 725 6.
585 694 645 723 Eis
664 702 806 731 puqnam
833 693 964 729 pedibus
993 691 1179 729 obtulimusJ
1210 692 1269 720 sed
1294 693 1327 720 in
1355 702 1483 730 puynue
1504 691 1655 732 {eurupam
1684 703 1746 723 non
1768 696 1999 725 descenderunt
2019 700 2050 726 et

857 756 919 775 vos
943 745 1156 776 Descendile!
1175 747 1221 774 eis
1240 748 1350 783 yravis
1373 750 1449 775 erat.

360 821 499 851 Suorum
527 818 736 848 fortitudinem
767 817 872 847 laudat
899 815 1023 856 dicens,
1061 825 1118 844 eos
1147 815 1258 845 hostes
1285 816 1464 858 invitasse,
1493 820 1525 846 ut
1552 816 1686 856 pedibus
1713 827 1779 848 cum
1809 819 1887 859 ipsis
1917 820 2048 852 dimica-

261 888 342 924 rent,
371 881 454 922 quod
483 881 590 910 facere
619 880 661 908 illi
689 879 916 909 recusaverint.
972 878 1108 918 Arabes,
1136 887 1229 916 quum
1257 878 1392 917 spatium
1421 879 1510 918 equis
1538 879 1718 921 pugnandi,
1753 881 1845 910 nimis
1874 889 2047 923 angustum

260 951 339 986 erat,
366 945 404 974 ab
431 945 519 983 equis
547 941 780 972 descendentes
808 940 940 979 pedibus
968 950 1112 980 pugnare
1136 940 1289 973 solebant.
1343 941 1404 978 Qui
1433 943 1584 983 alterum,
1621 947 1654 971 ut.
1682 942 1820 984 faceret,
1848 944 2046 983 hortabatur,

260 1017 341 1038 voce
365 1003 424 1054 3³53
454 998 685 1035 descende!
718 1003 877 1032 utebatur.
922 1001 987 1031 Sed
1014 1002 1043 1030 in
1070 1001 1139 1031 loco
1167 1002 1244 1031 Har.
1275 1012 1305 1042 p.
1333 1002 1380 1033 tro
1409 1004 1427 1033 l.
1453 1004 1473 1033 2
1495 1014 1526 1044 g.
1555 1004 1598 1033 ita
1626 1004 1805 1043 explicatae
1831 1010 1906 1035 sunt
1931 1015 2045 1046 voces,

259 1075 292 1101 ut
318 1069 570 1100 adhortationem
599 1067 781 1108 generalem
810 1065 993 1106 significare
1021 1066 1199 1095 videantur.
1260 1066 1368 1095 Voces
1396 1065 1488 1094 huius
1516 1065 1637 1095 formae
1663 1067 1862 1106 grammatici
1889 1067 2046 1098 nomina

259 1133 379 1165 verbi
413 1132 630 1172 appellarunt,
669 1130 750 1169 quod
786 1131 878 1160 verbi
907 1139 1037 1159 sensum
1067 1128 1246 1167 exprimunt
1274 1128 1396 1166 (conf.
1425 1127 1535 1158 Gram.
1564 1129 1619 1157 Ar.
1647 1129 1682 1157 Τ.
1711 1129 1734 1157 1.
1761 1139 1791 1167 p.
1821 1129 1902 1159 432.
1933 1130 2043 1170 544).

258 1199 380 1229 Vocem
409 1201 515 1227 autem
542 1196 622 1225 lianc
650 1196 753 1224 locum
781 1194 910 1224 nominis
939 1201 1119 1232 occupare,
1159 1201 1201 1220 ex
1227 1200 1284 1229 eo,
1323 1189 1405 1230 quod
1432 1189 1522 1218 verbi
1551 1189 1644 1234 Lafaye
1672 1190 1826 1220 obiectum
1854 1195 1907 1221 est
1935 1197 1968 1222 et
1994 1192 2045 1222 fe-

1375 1249 1386 1259 0
1630 1252 1642 1259 .

258 1273 362 1303 minini
389 1271 517 1312 generis
545 1279 631 1307 esse,
659 1279 699 1298 ex
726 1278 808 1298 voce
836 1265 931 1300 &Sl-s
959 1266 1197 1307 cognoscimus.
1249 1265 1325 1294 Vox
1353 1261 1436 1301 „iol
1467 1269 1519 1294 est
1547 1273 1602 1303 pro
1624 1261 1680 1306 5125
1702 1268 1733 1295 et
1759 1265 1920 1296 multum
1947 1276 2046 1306 ope..

258 1335 412 1366 rientis
440 1332 704 1374 significationem
733 1331 840 1361 habet.
892 1331 925 1359 In
953 1329 1087 1360 'l'ebrisii
1118 1328 1261 1369 margine
1287 1337 1371 1357 voce
1397 1325 1466 1357 κλεὶς
1495 1328 1655 1367 explicata
1683 1333 1745 1358 est.

258 1446 289 1474 7.
312 1445 423 1483 Equos
444 1445 569 1472 noslros
592 1441 717 1470 camelis
740 1443 942 1470 commeatum
962 1441 1162 1477 portantibus
1183 1439 1303 1467 similes
1323 1441 1530 1476 ymlaverunlj
1552 1439 1609 1467 sed
1630 1442 1830 1467 commeatum
1852 1449 1957 1468 eorum
1977 1441 2043 1478 ffi-

935 1495 1044 1531 9iclmn
1069 1504 1139 1522 esse
1162 1495 1358 1522 invenerunt.
1430 1488 1433 1491 ”

356 1568 456 1597 Poeta
484 1565 514 1594 id
541 1564 686 1605 respicit,
723 1563 807 1603 quod
835 1574 852 1594 e
878 1564 1048 1604 longinquo
1074 1563 1283 1592 advenientes
1314 1562 1453 1592 camelos
1481 1561 1614 1602 dactylis
1642 1566 1773 1592 onustos
1800 1572 1877 1592 esse
1903 1568 2042 1602 putave-

259 1635 328 1661 rant
345 1629 449 1659 conf.
470 1629 561 1657 Ham.
579 1637 608 1666 p.
625 1628 669 1656 &⁸⁴11
685 1627 754 1656 infr.
807 1627 924 1656 Eorum
953 1636 1041 1665 spem
1070 1626 1183 1655 salsam
1211 1625 1311 1654 fuisse
1337 1624 1420 1653 dicit.
1473 1624 1674 1653 Scholiastes
1702 1634 1814 1654 vocem
1837 1636 1891 1668 542:
1918 1626 2042 1664 proprie

258 1696 410 1736 pluralem
437 1693 526 1723 vocis
545 1687 601 1736 53‘:
628 1692 748 1722 formae
775 1691 834 1728 &ab
862 1700 937 1719 esse
964 1689 1139 1729 contendit,
1166 1689 1195 1717 iu
1222 1697 1283 1727 qua
1310 1687 1434 1716 vocalis
1462 1687 1617 1716 Dliamma
1643 1687 1671 1715 in
1699 1687 1842 1716 vocalem
1871 1687 1977 1717 Kesra
2004 1689 2042 1718 ob

260 1758 392 1788 mediam
419 1755 587 1785 radicalem
615 1754 662 1783 Ja
689 1758 810 1783 mutata
835 1752 887 1782 sit.
941 1752 973 1780 In
1002 1750 1122 1780 scholio
1150 1750 1277 1790 legendi
1302 1749 1414 1779 modus
1442 1749 1507 1793 μὰρ
1533 1747 1580 1789 ΣΞ),
1612 1749 1663 1788 qui
1691 1749 1720 1777 in
1746 1749 1903 1779 Mersukii
1933 1749 2041 1779 codice

260 1820 413 1861 reperitur
449 1822 481 1847 et
517 1817 547 1846 in
573 1815 707 1845 'l'ebrisii
742 1814 853 1844 codice
878 1813 916 1843 ad
951 1813 1123 1852 marginem
1157 1812 1298 1850 scriptus
1337 1815 1403 1848 est,
1443 1811 1631 1849 explicatur.
1685 1811 1854 1854 xsox‘ffssi
1882 1811 2038 1840 stomachi

259 1881 479 1925 gravationem
517 1880 556 1908 ob
591 1878 693 1908 cibum
729 1882 761 1906 et
793 1876 863 1906 inde
899 1880 1002 1905 ortum
1038 1874 1195 1904 fastidium
1228 1874 1386 1914 designat,
1436 1873 1554 1903 Sensui
1582 1873 1744 1912 aptissima
1770 1882 1837 1902 vox
1864 1878 1925 1903 est.
1978 1874 2039 1904 Pro

258 1945 400 1975 dulcibus
427 1942 563 1982 dactylis
580 1942 713 1970 vulnera
732 1942 893 1979 ictusque,
923 1948 1004 1977 quae
1023 1943 1090 1967 cum
1109 1937 1177 1966 cibo
1193 1936 1391 1965 stomachum
1408 1940 1565 1976 gravante
1582 1939 1815 1975 comparantur,
1843 1935 2040 1966 invenerunt.

257 2006 401 2047 Legendi
427 2009 533 2034 autem
563 2003 687 2044 modus>
715 2005 765 2042 qui
792 2003 821 2031 in
849 2006 941 2031 textu
968 2002 1078 2030 nostro
1106 2004 1168 2040 est,
1197 1998 1359 2028 diversum
1386 2007 1518 2027 sensum
1548 1997 1650 2026 offert.
1681 1996 1882 2026 Sclioliastes
1910 1997 2040 2028 ludibrio

257 2069 339 2099 dicta
365 2076 441 2096 esse
467 2067 564 2095 verba
592 2070 702 2105 putat,
739 2068 771 2094 ut
808 2073 923 2093 sensus
961 2064 1017 2100 sit,
1053 2071 1110 2091 eos
1146 2070 1198 2090 res
1235 2070 1314 2090 suae
1348 2059 1483 2098 opinioni
1511 2058 1686 2088 contrarias
1715 2058 1889 2089 invenisse.
1945 2058 2039 2100 Quid,

258 2130 340 2170 quod
369 2129 485 2158 ferrum
515 2127 628 2157 naturai
655 2126 803 2167 frigidum
828 2126 870 2155 sit
897 2129 928 2154 et
955 2124 1071 2154 ferrum
1087 2123 1232 2164 frigidum
1247 2123 1276 2152 in
1294 2123 1463 2161 proverbio
1478 2121 1654 2160 appelletur
1681 2121 1786 2151 conf.
1801 2120 1898 2150 Meid.
1914 2122 1968 2160 111,
1982 2121 2039 2152 30.

256 2194 371 2223 Nonne
398 2191 504 2231 igitur,
532 2199 589 2219 eos
621 2189 735 2229 gladiis
763 2188 951 2227 occurrisse,
978 2190 1072 2226 poeta
1097 2186 1276 2227 significare
1304 2179 1437 2222 potest?
1472 2181 1740 2221 Abu-Rijaschus
1767 2182 1876 2211 vei-bis
1905 2187 2039 2212 mortem

257 2254 416 2294 designari
443 2252 585 2292 putavit3
614 2256 647 2281 et
673 2255 803 2280 mortem
830 2255 862 2280 et
889 2260 1047 2279 venenum
1076 2248 1224 2289 frigidum
1252 2256 1338 2276 esse.
1390 2244 1601 2275 Chidaschum
1630 2245 1658 2273 b.
1687 2244 1803 2274 Sohair
1831 2244 1919 2274 simili
1946 2244 2037 2274 modo

256 2318 393 2347 locutum
429 2323 504 2344 esse
542 2314 650 2352 (metr.
688 2311 832 2349 Basi111):
881 2313 994 2340 Inter
1035 2311 1132 2340 loca
1171 2304 1448 2350 Alomassih‘)
1486 2312 1525 2337 et
1565 2307 1769 2337 Altharfa
1809 2307 2036 2337 caeruleae

259 2378 456 2418 cuspides
496 2386 566 2406 eos
606 2376 833 2414 frangunt,
882 2374 920 2403 in
957 2382 1130 2412 quarum
1165 2369 1444 2400 extremitate
1473 2369 1609 2409 frigus
1637 2374 1711 2398 est.
1771 2368 1834 2398 Sed
1862 2374 1894 2399 et
1920 2367 1950 2396 in
1977 2368 2037 2398 hoc

257 2451 355 2471 versu
388 2441 489 2481 frigus
525 2442 587 2468 tam
623 2437 738 2467 ferrum
772 2445 861 2475 quam
897 2438 1024 2464 mortem
1057 2433 1240 2474 significare
1272 2436 1390 2470 potest.
1452 2430 1688 2462 Grammaticus
1725 2430 2037 2461 Abu-Mohammed

257 2503 407 2534 Alalirabi
435 2511 484 2533 res
511 2504 683 2540 sequentes
711 2499 829 2528 retulit.
880 2496 1051 2527 Salliabum
1078 2501 1110 2525 et
1136 2499 1256 2534 patrem
1282 2492 1411 2522 Salhabi
1438 2503 1455 2522 e
1483 2497 1581 2534 gente
1609 2491 1774 2522 Dliobaiah
1801 2491 1828 2521 b.
1855 2490 1934 2531 lhdjl
1962 2500 2033 2521 cum

275 2586 302 2614 l)
322 2585 432 2608 Omailiti
452 2590 545 2607 nomeu
563 2589 647 2613 aquae
666 2582 754 2613 gentis
773 2577 1010 2610 Rabialr—Aldjouh
1029 2580 1053 2601 et
1072 2583 1166 2601 nomen
1186 2575 1241 2600 loci
1261 2578 1301 2599 est
1321 2576 1405 2600 Ram.
