2247 2865
956 90 1227 122 -465—

196 189 266 221 dies
293 191 498 222 Banat-Kain
525 191 623 230 (cont.
652 190 749 222 Meid.
774 191 811 220 T.
841 191 892 220 lll.
920 191 954 220 Ρ.
983 191 1006 220 Ι.
1035 200 1064 230 p.
1085 192 1186 231 587.)
1213 192 1444 232 appellabatur,
1472 192 1579 223 verbis
1605 194 1674 224 suis
1702 198 1845 235 respexit
1871 199 1978 237 (metr.

200 252 345 292 u'usir):
386 252 519 291 Quasi
549 254 720 294 equites
747 252 815 282 die
843 252 1095 283 Banat-Kain
1131 264 1226 293 pone
1263 255 1362 284 illos
1390 254 1549 293 (hostes
1586 255 1824 296 fugientes)
1858 262 1979 292 vide-

198 319 288 345 runt
316 316 372 355 id,
401 315 508 355 quod
534 315 818 346 desiderabant
846 318 914 353 (est
943 324 998 354 pro
1025 316 1169 360 osas-a).
1225 317 1295 346 lloc
1323 325 1446 356 quoque
1474 317 1623 356 proelium
1651 319 1750 350 verba
1768 321 1980 364 Ebu-Soliaj-

194 377 260 416 jani
277 383 426 418 spectant
445 376 542 420 (metr
570 374 709 420 U'afir):
736 378 779 407 ln
805 378 948 418 capita
976 378 1248 408 Calbitarum
1279 378 1482 408 irruimus
1511 379 1649 421 modo,
1677 391 1756 422 quo
1785 383 1977 418 Kaisitae

196 440 362 471 solatia
388 443 643 471 invenerunt
671 446 710 470 et
737 440 940 480 princeps
969 441 1120 480 pudore
1147 441 1350 472 adfectus
1376 446 1447 472 est.
1477 442 1580 480 Quum
1607 449 1713 474 autem
1743 446 1978 480 Naschiruhum

197 505 225 535 b.
243 503 386 540 Alinbas,
415 504 464 543 qui
491 504 518 533 in
546 506 668 533 occisos
693 503 795 532 denuo
824 503 970 543 irrueret,
997 503 1241 542 interrogarent,
1269 512 1323 532 cur
1350 503 1393 533 ita
1419 511 1544 545 ageret,
1575 507 1748 546 respondit,
1776 518 1810 539 se
1837 511 1978 542 notitiam

197 567 353 598 medullae
387 567 518 607 spinalis
548 567 667 597 habere
694 565 792 608 (cons.
819 576 848 606 p.
871 561 942 607 ⁸⁴10:
968 566 1037 605 ipse
1063 565 1145 595 enim
1173 566 1310 594 resectis
1337 565 1406 595 colli
1433 567 1542 596 nervis
1569 578 1639 598 cum
1668 570 1817 601 fratribus
1843 579 1978 604 sanatus

196 633 275 659 erat.
328 630 405 660 Post
438 629 512 659 illud
548 629 699 669 proelium
727 628 882 658 Bischrus
916 627 998 667 apud
1026 627 1350 658 Abbd-Almalicum
1377 628 1489 659 iisdem
1519 631 1647 671 verbis,
1687 633 1796 671 quibus
1823 635 1892 674 ipse
1917 647 1978 667 au-

196 694 248 720 tea
282 691 499 731 interrogatus
537 695 627 730 erat,
667 690 992 720 Alibd-Alalisisum
1033 690 1265 729 interrogavit,
1304 700 1397 731 num,
1434 701 1515 730 quae
1548 694 1715 723 avunculis
1743 696 1811 725 suis
1840 698 1977 729 accidis-

195 757 278 793 sent,
306 753 474 783 audiverit.
528 754 601 783 Non
629 754 725 783 multo
752 758 826 792 post
851 762 944 792 quum
973 753 1076 793 gentis
1102 752 1180 782 Calb
1210 753 1338 782 nuntius
1366 762 1458 791 opem
1486 753 1579 784 Ahbd
1597 756 1768 786 -Alalisisi
1805 759 1976 798 implorans

195 816 363 853 venisset,
398 816 447 846 hic
461 816 612 850 ,iiiiiitium
639 816 743 845 scissa
771 820 888 855 veste,
927 815 1051 845 deiecto
1081 815 1174 854 pallio
1206 819 1235 845 et
1266 815 1421 854 depositis
1450 817 1567 846 calceis
1595 817 1634 847 ad
1659 819 1976 853 Ahbd-Alinalicum

196 876 369 907 introduxit
397 883 429 907 et
457 878 565 906 verbis
594 877 766 916 principem
794 877 832 906 ad
860 877 934 907 iram
962 877 1116 907 incitavit.
1169 877 1309 906 Litteras
1337 878 1433 918 igitur
1459 878 1498 908 ad
1526 878 1803 922 Alliadjdjadjum,
1833 883 1884 920 qui
1911 888 1977 914 tum

196 940 347 978 temporis
376 941 494 979 regioni
523 939 646 978 llitljas,
675 939 828 978 Altliajei',
856 939 1024 969 Jemamah
1045 940 1244 978 Araliiaeque
1272 938 1355 968 felici
1385 943 1540 978 praeerat,
1568 940 1666 981 dedit,
1694 946 1728 971 ut
1755 951 1865 973 omnes
1895 955 1977 987 gen..

196 1001 236 1030 tis
265 1001 405 1031 Fesarah
441 1002 578 1041 puberes
605 1011 683 1030 nece
711 1001 841 1030 deleret.
894 1001 998 1039 Quum
1030 1003 1126 1042 igitur
1155 1011 1224 1031 cum
1251 1003 1410 1040 equitibus
1444 1002 1482 1032 ad
1513 1012 1649 1044 aquam,
1684 1004 1734 1033 cui
1768 1015 1882 1036 nomen
1909 1008 1978 1038 Lo-

194 1061 314 1092 kathah
340 1060 438 1104 (alter
465 1062 591 1103 legendi
619 1062 726 1091 modus
754 1058 839 1090 nili-»d
867 1059 950 1104 est),
978 1063 1027 1092 ubi
1054 1072 1135 1102 gens
1161 1063 1380 1103 Banu-Alidijj
1410 1064 1438 1093 b.
1466 1065 1634 1105 Fesarah,
1670 1068 1843 1108 praecipua
1869 1072 1977 1111 gentis

195 1123 337 1154 Fesarali
365 1133 460 1163 pars,
490 1124 588 1154 sedes
617 1124 774 1165 habebat,
811 1129 919 1154 castra
947 1125 1131 1164 posuisset,
1164 1135 1246 1165 gens
1273 1125 1434 1156 Ghalhfan
1460 1133 1661 1168 congregata
1690 1130 1892 1161 iureiurando
1919 1134 1980 1164 sibi

196 1191 334 1215 mutuum
360 1186 512 1215 auxilium
540 1186 683 1225 promisit
709 1191 742 1215 et
769 1196 851 1226 gens
879 1187 958 1216 Kais
984 1186 1098 1216 litteris
1126 1190 1282 1217 certiores
1320 1197 1377 1217 eos
1414 1188 1511 1229 fecit,
1547 1200 1584 1219 se
1611 1200 1666 1221 eos
1694 1191 1891 1224 deserturam
1918 1206 1979 1227 nou

195 1259 272 1279 esse
298 1248 354 1292 (de
380 1250 488 1279 verbis
517 1248 618 1278 iai-Ani
637 1248 738 1287 gete.
771 1250 853 1280 cons.
875 1251 941 1279 libr.
958 1260 1061 1279 meum
1075 1250 1206 1279 selecta
1220 1260 1261 1279 ex
1276 1251 1386 1280 histor.
1401 1251 1515 1281 Halebi
1544 1262 1572 1291 p.
1590 1253 1645 1282 72.
1674 1253 1824 1293 adnott.).
1856 1256 1977 1294 Quibus

197 1312 292 1341 rebus
320 1312 432 1342 auditis
461 1312 674 1352 lladjdjadjus
702 1314 816 1344 intimis
845 1314 913 1343 suis
940 1313 1034 1353 dixit,
1070 1316 1227 1342 neminem
1254 1313 1283 1341 in
1310 1313 1386 1342 orbe
1413 1316 1564 1343 terrarum
1601 1318 1705 1344 natum
1732 1316 1762 1345 in
1790 1319 1853 1347 ista
1879 1325 1978 1360 gente

195 1375 274 1404 Knis
301 1384 335 1405 se
363 1375 579 1406 infaustiorem
618 1386 717 1416 esse,
750 1379 778 1407 si
806 1386 886 1418 gens
914 1376 1169 1406 Banu-Fesarali
1196 1375 1408 1405 occideretur.
1459 1376 1658 1407 Halhalahus
1686 1384 1792 1410 autem
1821 1385 1852 1411 et
1878 1382 1977 1414 Saih-

195 1437 256 1467 dus
284 1444 446 1478 putantes,
475 1439 503 1468 in
531 1448 580 1479 se,
610 1440 719 1468 occ-,isa
747 1445 844 1480 gente
864 1439 1018 1476 Fesarah,
1047 1439 1088 1468 nil
1117 1438 1186 1468 boni
1209 1448 1298 1478 esse⁷
1326 1438 1365 1467 ad
1383 1439 1608 1480 Hadjdjadjum
1635 1451 1673 1471 se
1700 1444 1900 1476 contulerunt
1927 1446 1978 1477 di·-

195 1506 326 1539 centes,
365 1500 482 1530 frustra
519 1501 547 1530 in
584 1507 713 1542 gentem
742 1502 885 1531 Fesarah
913 1502 1044 1542 saeviri,
1080 1510 1174 1541 quum
1203 1501 1263 1540 ipsi
1291 1501 1400 1530 caedis
1436 1503 1543 1543 gentis
1571 1504 1650 1534 Calb
1677 1512 1828 1537 auctores
1857 1514 1978 1544 essent.

194 1563 406 1603 Hadjdjadjus
435 1565 539 1594 laetus
568 1565 606 1594 ob
635 1565 774 1594 virorum
800 1565 973 1594 adventum
1003 1565 1112 1594 statim
1140 1564 1169 1592 in
1196 1563 1324 1593 vincula
1350 1573 1407 1593 eos
1435 1565 1570 1596 coniecit
1590 1572 1623 1597 et
1636 1568 1906 1602 Ahbd—Almalico
1925 1574 1979 1604 lit-

194 1628 271 1656 teris
299 1636 363 1655 rein
393 1629 564 1664 exposuit,
593 1635 630 1655 se
658 1627 786 1663 timere,
815 1636 854 1656 ne
880 1627 949 1665 ipse
977 1626 1106 1666 principi
1126 1624 1265 1655 fidelium
1295 1627 1403 1656 turbas
1433 1634 1600 1669 moveret,
1628 1640 1756 1670 quarum
1784 1644 1867 1665 noxa
1895 1635 1978 1668 haud

163 1713 166 1716 .
194 1694 405 1728 repararetur.
459 1689 748 1719 Alibd-Almalicus
773 1690 939 1719 consilium
967 1689 1104 1728 probans
1131 1688 1170 1718 ad
1197 1688 1278 1718 illum
1306 1690 1489 1731 rescripsit,
1518 1696 1550 1721 ut
1578 1694 1723 1731 captivos
1751 1696 1790 1725 ad
1817 1706 1854 1727 se
1882 1699 1978 1730 libere

193 1751 386 1781 demitteret.
441 1752 609 1792 Tempore,
638 1761 698 1791 quo
727 1752 765 1782 ad
793 1762 862 1781 eum
890 1757 1059 1792 venerunt,
1087 1751 1193 1790 plures
1220 1750 1365 1780 Calbitae
1390 1758 1580 1790 praesentes
1609 1760 1708 1792 erant,
1737 1767 1829 1788 mane
1856 1770 1979 1800 vespe-

197 1821 294 1850 raque
321 1822 391 1842 eum
421 1813 586 1842 adeuntes.
640 1813 790 1842 Dimissis
819 1813 915 1853 igitur
948 1812 1124 1842 hominibus
1152 1813 1458 1843 Alibd-Almalicus
1492 1814 1588 1844 dixit:
1626 1817 1778 1848 Halhalus
1809 1830 1863 1860 es3
1899 1824 1979 1854 alter

197 1877 303 1902 autem
332 1873 512 1911 respondit:
539 1869 686 1903 Minime!
714 1874 909 1905 Halhalahus
937 1885 1007 1905 sum
1032 1873 1067 1917 ¹),
1095 1875 1357 1914 quemadmodum
1388 1881 1478 1915 pater
1506 1886 1554 1906 me
1582 1879 1752 1917 appellavit
1778 1887 1810 1912 et
1839 1884 1979 1922 pluribus

199 1935 308 1964 verbis
337 1935 418 1964 ultro
433 1936 572 1974 citroque
601 1936 693 1966 factis
719 1947 790 1966 eum
807 1937 955 1977 Soaihro,
984 1937 1046 1967 filio
1063 1938 1207 1967 Sowaidi
1233 1939 1261 1968 b.
1291 1938 1478 1978 Ahrfadjab,
1506 1941 1555 1979 qui
1582 1942 1612 1970 in
1639 1944 1758 1981 proelio
1775 1946 1980 1980 Banat-Kain

198 1997 374 2037 ceciderat,
405 1997 608 2027 occidendum
637 1998 773 2028 tradidit.
827 2000 962 2030 Soailiro
991 2007 1096 2030 autem
1118 2001 1265 2041 roganti,
1300 2001 1423 2039 quando
1456 2001 1639 2033 Suu-aidum
1666 2005 1814 2048 vidisset,
1843 2019 1980 2050 respon..

197 2059 265 2089 dit.
295 2069 329 2088 se
357 2069 426 2088 eum
455 2059 524 2089 loco
552 2060 757 2090 Banat-Kain
786 2062 926 2099 vidisse,
955 2072 1014 2101 quo
1043 2066 1185 2102 tempore
1213 2064 1321 2093 merda
1347 2065 1417 2093 eius
1444 2065 1472 2094 in
1501 2066 1612 2104 podice
1639 2067 1780 2099 dissecta
1806 2070 1922 2103 fuisset
1939 2072 1979 2113 2).

215 2123 265 2151 loc
296 2131 449 2160 responso
479 2122 640 2162 irritatus,
672 2132 709 2152 se
737 2133 808 2152 eum
836 2125 1016 2153 occisurum
1043 2135 1138 2165 esse,
1178 2127 1338 2156 minitatus
1368 2131 1427 2157 est.
1481 2128 1572 2158 Alter
1599 2135 1725 2170 autem,
1767 2137 1800 2161 tu
1830 2136 1980 2166 mentitus

196 2194 244 2223 es,
273 2193 342 2213 nam
372 2187 402 2212 tu
431 2184 521 2213 vilior
549 2193 607 2224 es,
633 2194 723 2223 quam
749 2188 801 2225 qui
830 2185 888 2215 hoc
915 2195 1077 2227 peragas3
1106 2198 1152 2217 me
1180 2198 1268 2218 nemo
1289 2189 1344 2219 nisi
1364 2189 1446 2219 filius
1466 2191 1604 2220 mulieris
1627 2192 1724 2222 oeulis
1753 2188 1823 2230 (p-
1847 2191 1979 2234 264.)

196 2246 353 2276 caeruleis
381 2245 543 2284 praeditae
577 2246 899 2283 (Alilid-Alinalicus
935 2249 1016 2278 cons.
1046 2259 1076 2288 p.
1106 2252 1164 2288 ΓἹΓ)
1203 2250 1337 2280 occidet.
1391 2250 1452 2281 Cui
1487 2260 1580 2290 quum
1610 2253 1761 2283 Biselirus
1797 2256 1980 2294 patientiam

196 2308 452 2344 commendaret.
491 2312 587 2337 metro
616 2307 738 2348 Redjes
766 2319 845 2339 usus
874 2310 1057 2349 respondit:
1098 2311 1184 2352 Ego
1222 2312 1455 2351 patientior
1494 2323 1599 2354 suin,
1637 2324 1753 2353 quam
1793 2319 1980 2349 camelus

215 2390 244 2420 1)
263 2390 371 2414 cin-lira
391 2397 485 2413 nornen
507 2390 555 2413 viri
576 2391 702 2414 consulto
721 2393 823 2421 pluries
842 2394 963 2418 mutavit.
1001 2393 1122 2425 Qiianam
1141 2399 1224 2416 causa
1243 2394 1375 2416 adductus
1395 2394 1418 2417 id
1439 2395 1546 2423 fecerit,
1566 2396 1674 2425 nescin;
1698 2399 1744 2420 sed
1763 2398 1820 2422 sine
1839 2406 1920 2424 causa
1939 2402 1981 2426 fa-

261 2444 332 2464 ctum
353 2441 377 2464 id
397 2448 454 2464 esse
474 2447 525 2463 nnn
547 2445 618 2470 puto.
648 2442 674 2464 lu
697 2443 794 2465 codicis
814 2444 891 2467 Tebr.
912 2444 1031 2473 nmrgine
1049 2446 1204 2467 adnotatum
1225 2444 1383 2475 invenimus,
1404 2452 1495 2468 vocem
1514 2439 1634 2469 XL<A>
1661 2452 1719 2470 cuin
1741 2449 1881 2473 vocalibus
1897 2452 1983 2476 Fatua

261 2485 307 2504 aut
327 2482 452 2505 unanima
473 2483 620 2513 enunciari,
639 2484 699 2507 dum
719 2485 794 2508 radix
814 2492 872 2509 cum
892 2487 1022 2509 derivatis
1041 2492 1144 2516 quoque
1163 2486 1323 2515 explicatur.

211 2530 243 2561 2)
263 2531 357 2555 Beatus
375 2534 408 2556 de
425 2535 532 2563 Saeyus
552 2535 633 2557 verba
651 2531 732 2572 ἐπεὶ
758 2526 848 2576 &ami
877 2533 924 2560 0:2⁸
942 2540 994 2560 etc.
1012 2536 1155 2560 adnotavit
1175 2541 1300 2568 tanquam
1320 2538 1505 2568 proverbium
1525 2539 1570 2562 sed
1591 2539 1891 2570 proverbialiloqueudi
1906 2544 1982 2566 modo

263 2580 343 2604 Meid.
361 2582 407 2613 21,
425 2583 450 2606 8.
469 2584 578 2607 nonnisi
596 2584 694 2608 similia
713 2590 784 2608 sunt.
820 2586 920 2609 Merum
939 2586 996 2610 sine
1015 2585 1092 2610 dubio
1111 2587 1169 2610 istis
1189 2587 1279 2611 verbis
1299 2588 1415 2611 indicare
1435 2587 1504 2611 vult.

1731 2626 1777 2656 59
