2247 2865
991 119 1261 150 -494—

233 218 262 247 Ι.
285 215 456 256 Profecto!
472 225 553 254 yens
575 215 690 246 Aulids
713 220 744 245 el
766 216 912 245 Bolttsalz
936 219 1160 253 cognoverunt,
1185 227 1234 245 me
1254 218 1287 244 in
1310 216 1390 244 ralle
1413 215 1548 244 Humum
1568 215 1721 251 praedam
1744 223 1807 244 non
1826 220 1942 253 petere.

335 273 500 305 Gloriatur
527 273 565 303 de
595 283 652 315 00,
681 273 765 313 quod
793 273 823 302 in
850 272 970 312 proelio
995 273 1146 311 praedam
1173 282 1330 312 spernens
1362 272 1485 302 nonnisi
1514 272 1543 301 in
1570 272 1720 302 ultionem
1748 275 1890 304 intentus
1917 274 2022 307 fuerit.

232 336 422 366 Mersukius
449 336 547 377 dixit,
574 336 720 366 Bohtsah
746 336 892 366 familiam
921 344 996 364 esse
1024 334 1063 364 ad
1091 340 1222 375 gentem
1250 335 1369 364 Solaim
1398 337 1628 374 pertinentem3
1656 335 1714 365 sed
1744 336 2025 377 Abu-Rijaschus

234 404 364 441 gentem
390 399 504 430 Auhds
531 400 560 429 b.
589 399 715 430 Gbaleb
743 398 782 428 ad
810 402 941 439 gentem
970 398 1062 427 Ahbs
1090 402 1123 428 et
1150 397 1294 427 Bohtsah
1323 398 1361 427 ad
1390 402 1518 438 gentem
1547 398 1759 429 Ahbd-Allah
1783 400 1811 429 b.
1841 399 2025 431 Gbatbafan

235 461 406 501 pertinere,
435 460 608 491 contendit.
638 460 779 490 Similem
807 469 934 490 sensum
955 459 1120 489 Ahntarali
1149 460 1178 488 in
1207 449 1345 489 carmine
1373 461 1549 490 Moallakat
1575 470 1607 489 v.
1625 462 1681 492 46.
1710 462 1872 501 expressit
1898 462 2025 492 dicens:

236 523 401 555 Poterit
428 532 591 563 quoque
619 523 702 553 tibi
730 523 1008 561 renunciare,
1035 522 1224 561 quisquis
1252 521 1480 552 conflictui
1507 522 1723 562 adfuerit,
1760 533 1814 553 me
1842 523 2026 564 quidem,

237 588 276 616 in
302 596 477 627 pugnam
504 586 687 626 irruere,
715 584 875 625 praeda
903 590 1039 615 autem
1071 584 1311 614 abstinere.

236 684 268 713 2.
301 682 367 712 Sed
393 684 472 711 socii
502 684 563 711 mei
571 705 577 716 ,
610 684 722 721 quibus
744 683 889 717 occurri,
915 681 1058 710 celeriter
1080 684 1208 710 itu-seem
1229 686 1444 719 properarunt
1471 686 1501 711 et
1526 693 1583 720 per
1606 684 1892 712 Ebti-Asrmmmn
1914 694 1949 713 se
1971 684 2028 712 de-

1033 737 1216 776 semlerum,

335 806 566 836 Fortitudinem
595 816 686 836 suam
714 809 744 837 in
773 807 893 846 proelio
922 806 1074 836 describit
1101 809 1131 835 et
1160 814 1248 835 suam
1277 804 1394 845 agendi
1421 805 1575 834 rationem
1606 805 1735 834 aliorum
1764 804 1882 846 agendi
1915 805 2029 835 rationi

238 868 377 908 opponit.
430 869 553 899 Hostes
582 871 671 908 ipsos
700 869 779 907 (non
806 869 914 909 gentis
941 878 1019 898 suae
1047 868 1185 907 socios),
1214 867 1328 906 quibus
1355 866 1384 895 iu
1412 866 1532 905 proelio
1561 866 1712 905 occurrit,
1740 865 1921 906 significare
1950 866 2028 896 vult.

237 931 378 961 Verbum
407 928 502 970 bol-23
531 936 584 962 aut
610 932 756 962 currendi
782 933 863 962 inter
891 941 926 962 se
954 918 1221 972 significationem
1256 930 1374 959 babere
1409 929 1488 958 dixit
1524 928 1715 958 scholiastes
1749 932 1803 958 aut
1834 929 1872 958 ab
1901 937 1963 958 uno
1990 927 2030 958 ad

238 994 372 1024 alterum
400 995 584 1024 transeundi
613 999 645 1024 et
672 995 862 1025 successive
888 994 1053 1034 sequendi.
1106 994 1378 1023 Ebu-Asnamus
1415 997 1521 1021 autem
1556 1001 1634 1020 suos
1671 995 1782 1021 contra
1810 996 1937 1031 poetam
1970 990 2030 1021 de—

240 1055 401 1086 fendebat.

238 1128 271 1159 3.
299 1128 384 1164 Tum,
409 1139 503 1167 quum
527 1131 594 1158 eius
618 1129 721 1158 locum
746 1131 959 1166 coynorissem
971 1152 978 1167 7
1002 1131 1033 1157 in
1057 1129 1138 1159 loco.
1161 1129 1214 1157 ubi
1235 1128 1404 1155 tamarices
1428 1127 1592 1159 desinunt,
1619 1126 1743 1154 hastam
1760 1125 1902 1163 steoeilem
1926 1127 1957 1153 et
1977 1133 2032 1153 re-

951 1186 1030 1211 ctam
1053 1185 1086 1211 in
1109 1193 1179 1211 eum
1202 1183 1316 1212 direx-i.

317 1253 481 1283 Describit
506 1252 645 1293 modum,
673 1262 735 1292 quo
764 1252 850 1282 illum
877 1251 990 1282 hostes
1018 1251 1240 1282 defendentem
1267 1253 1371 1282 virum
1399 1252 1509 1282 lancea
1538 1260 1717 1291 aggressus
1745 1250 1797 1280 sit.
1837 1249 1940 1288 Quum
1960 1249 2031 1279 voci

239 1314 323 1364 ΘΚΑ
349 1322 405 1348 aut
433 1317 504 1355 loci,
532 1317 584 1346 ubi
612 1316 805 1346 versabatur
832 1315 884 1345 ille
911 1320 965 1346 aut
992 1315 1051 1344 loci
1078 1315 1242 1356 diguitatis
1271 1314 1534 1355 significationem
1563 1315 1746 1352 tribuerent,
1773 1323 1888 1344 vocem
1916 1310 2032 1361 ela-iii...)

241 1390 311 1410 cum
338 1389 419 1409 voce
443 1375 547 1424 0191,
575 1379 602 1407 51
630 1379 708 1418 loci,
737 1378 789 1407 ubi
816 1380 888 1417 quis
915 1381 1076 1417 versatur,
1104 1377 1296 1417 significatio
1324 1378 1484 1417 tribuitur,
1513 1377 1765 1415 coniunxerunt,
1793 1377 1842 1406 sin
1869 1385 1947 1406 vero
1972 1375 2032 1406 loci

240 1443 403 1485 dignitatis
430 1442 695 1483 significationem
722 1441 836 1481 habet,
864 1450 933 1470 cum
959 1442 1060 1471 verbo
1087 1438 1184 1485 2245)
1212 1451 1278 1470 vox
1305 1440 1527 1481 coniungenda
1554 1444 1614 1469 est.
1667 1440 1821 1478 Princeps
1848 1443 1955 1468 autem
1982 1437 2032 1467 lo-

240 1513 313 1535 cum
341 1514 433 1534 suum
461 1505 592 1542 saepius
621 1504 784 1533 occultare
811 1503 916 1543 50101,
952 1513 991 1533 110
1019 1514 1037 1533 a
1064 1504 1208 1542 pluribus
1237 1507 1373 1541 petatur.
1426 1502 1626 1532 Scholiastes
1666 1506 1773 1531 autem
1808 1501 1909 1531 verba
1944 1498 2031 1541 isui,

243 1565 311 1615 [αὗ-1
339 1563 399 1613 &qb
426 1566 595 1606 posteriori
621 1565 846 1607 significationi
876 1566 936 1596 loci
962 1566 1126 1607 diguitatis
1154 1566 1265 1596 favere
1293 1565 1425 1604 putavit.

242 1665 275 1694 4.
300 1664 346 1693 ΕΙ
366 1666 396 1692 si
417 1664 510 1692 hasta
532 1673 599 1691 mea
620 1664 728 1701 fracta
751 1672 799 1690 me
820 1672 883 1692 non
901 1664 1080 1702 fefellisset,
1106 1666 1135 1692 ei
1155 1673 1198 1691 ex
1216 1663 1353 1701 forlibus
1374 1664 1479 1699 yemis
1502 1662 1662 1700 aequalem
1687 1661 1916 1689 mitram-issem.

342 1733 503 1771 Queritur‚
531 1731 624 1771 quod,
655 1741 748 1771 quum
776 1732 862 1762 illum
891 1732 1004 1763 sortem
1033 1732 1238 1769 confoderet,
1265 1732 1360 1761 hasta
1387 1731 1603 1772 frangeretur,
1632 1740 1714 1769 nam,
1744 1730 1771 1758 si
1798 1728 1829 1759 id
1857 1737 1918 1757 non
1945 1727 2032 1757 acci-

242 1794 355 1832 disset,
383 1794 521 1823 l'uturum
551 1793 649 1824 fuisse
679 1796 780 1834 putat7
807 1798 842 1823 ut
869 1794 1003 1824 alterum
1034 1795 1134 1824 virum
1151 1794 1265 1824 sortem
1293 1793 1456 1823 occiderit.
1509 1793 1676 1823 Occidisse
1703 1793 1789 1822 viros
1816 1791 1916 1821 fortes
1946 1789 2034 1829 prin-

243 1857 392 1896 cipesque
423 1856 543 1896 gloriae
573 1857 633 1886 sibi
661 1856 778 1887 ducunt
804 1857 941 1888 Arabes.
974 1858 1124 1887 Laueeae
1143 1863 1290 1897 tanquan]
1311 1866 1468 1896 personae
1495 1855 1657 1894 perfidiam
1684 1855 1791 1884 tribuit
1817 1852 1918 1883 conf.
1938 1853 2032 1882 Ham.

242 1928 272 1957 p.
298 1917 347 1947 τῆς
376 1928 407 1947 v.
432 1918 460 1947 1.
512 1917 594 1947 Voei
622 1915 696 1964 „fill
732 1918 762 1948 111
789 1919 926 1948 Tebrisii
961 1919 1074 1949 codice
1109 1921 1188 1949 alter
1217 1919 1343 1961 legendi
1371 1918 1482 1948 modus
1545 1907 1584 1945 >⁵5
1613 1917 1815 1956 subscriptus
1844 1920 1906 1945 est.
1958 1914 2033 1944 Vox

1509 1941 1542 1963 με

243 1984 312 2026 Γιρ
346 1981 471 2020 proprie
509 1981 621 2010 eodem
661 1984 753 2020 partu
786 1986 916 2023 natum,
955 1983 1127 2023 gemellum
1164 1982 1350 2023 significans
1389 1981 1451 2011 hoc
1477 1981 1507 2010 iu
1535 1990 1634 2009 versu
1661 1979 1771 2010 statim
1798 1982 1873 2017 post
1898 1977 2033 2007 alterum

242 2044 385 2074 occisum
410 2045 583 2083 principem
611 2044 771 2085 designat.

244 2140 276 2170 5.
305 2141 351 2170 Et
376 2143 406 2169 si
426 2142 560 2178 impetus
588 2150 675 2169 meus
703 2142 736 2169 in
760 2142 925 2170 deoeteram
949 2144 1084 2179 aqmim's
1105 2145 1227 2179 partem
1246 2143 1357 2180 factus
1376 2145 1475 2177 esset,
1509 2141 1622 2170 mulier
1644 2142 1777 2169 incurva
1820 2137 1887 2178 (1).
1910 2133 2031 2177 28¹.)

632 2192 720 2231 (eius
743 2192 864 2233 mater)
887 2195 1007 2223 luctum
1029 2196 1195 2223 mulierum
1215 2195 1435 2232 plangentium
1458 2197 1640 2223 excitasset.

344 2267 445 2296 Poeta
472 2267 574 2296 virum
605 2265 718 2296 sortem
746 2267 870 2305 quidem
899 2268 1077 2307 occiderat3
1114 2269 1171 2298 sed
1200 2279 1261 2298 nou
1288 2279 1379 2308 011111,
1408 2278 1425 2298 a
1453 2277 1514 2307 quo
1543 2268 1619 2298 ultio
1647 2266 1806 2307 exigenda
1832 2269 1911 2295 erat.
1964 2264 2032 2293 noc

246 2329 397 2368 queritur.
451 2330 588 2359 Matrem
616 2330 697 2367 eius,
725 2330 774 2368 qui
803 2331 991 2361 occidendus
1019 2335 1098 2372 erat,
1127 2341 1256 2361 curvaiu
1285 2332 1458 2370 appellavit
1485 2336 1539 2360 aut
1567 2330 1790 2360 contumeliam
1818 2328 1971 2365 dicturus,
1999 2330 2032 2355 ut

248 2391 277 2420 in
305 2401 405 2420 versu
431 2395 588 2431 sequente
614 2392 723 2429 (metr.
753 2392 903 2431 Camen:
946 2393 1057 2431 Quot
1097 2395 1249 2424 amitae
1285 2398 1325 2423 et
1352 2398 1612 2423 materterae
1647 2398 1763 2432 tuac,
1802 2400 1819 2420 ο
1847 2388 2031 2428 1)]01110,

250 2452 432 2491 pedibus
470 2454 749 2493 manibusque
785 2454 999 2485 distortis
1037 2456 1251 2495 praeditae
1288 2454 1476 2493 camelas
1514 2464 1619 2484 1110115
1657 2453 1890 2483 mulserunt
1913 2448 1939 2490 ¹)
1978 2455 2032 2480 aut

246 2514 330 2553 quod
357 2518 454 2544 morte
482 2514 535 2544 filii
564 2515 693 2546 adflicta
719 2520 788 2546 erat
812 2520 866 2547 aut
893 2517 974 2556 quod
1000 2517 1062 2547 isto
1091 2520 1293 2558 cognomine·
1310 2517 1467 2548 utebatur.

265 2594 294 2625 l)
313 2596 390 2627 Quod
410 2597 502 2620 mulier
520 2597 648 2620 camelam
668 2597 811 2627 mulgebat,
830 2595 953 2620 dedecori
972 2596 1117 2625 putabatur
1135 2596 1226 2620 conf.
1246 2596 1359 2621 Meidau.
1379 2596 1408 2620 C.
1428 2596 1474 2625 28,
1492 2595 1537 2618 20.
