2247 2865
977 90 1246 122 —368—

216 200 326 236 retur3
363 194 423 226 sed
455 195 593 225 litteram
618 194 724 224 vocali
752 193 859 223 Kesra
884 191 1104 231 quiescentem
1136 190 1274 221 reddidit
1299 199 1409 220 eorum
1435 189 1562 220 modum
1587 198 1751 231 sequens,
1787 190 1837 229 qui
1864 191 2007 221 vocalem

216 259 321 290 Fatha
346 258 378 288 in
401 257 536 286 vocibus
564 256 718 286 derivatis
736 265 755 285 a
770 254 875 284 radice
900 253 1025 284 infirma
1050 253 1152 292 (μμ
1171 252 1276 283 conf.
1304 251 1415 283 Gram.
1429 252 1485 281 Ar.
1501 252 1538 281 Τ.
1552 252 1576 282 Ι.
1593 261 1624 291 p.
1639 251 1721 281 226.
1737 251 1837 291 236.)
1866 252 2006 282 caeteris

216 321 384 352 vocalibus
415 319 568 358 aequales
595 327 670 349 esse
696 322 826 358 putant,
865 319 898 346 ut
923 325 994 345 eam
1020 316 1190 346 abiiciantu
1208 339 1217 352 ,
1245 315 1372 345 dialecti
1399 315 1521 344 modum
1548 314 1578 343 in
1605 323 1644 344 eo
1671 313 1762 344 vidit.
1814 314 1876 345 Est
1901 319 2008 345 autem

220 383 311 426 genti
335 382 454 412 Tamim
482 381 642 420 proprium
669 379 814 409 vocalem
838 377 943 408 Fatha
969 380 1002 407 in
1027 378 1172 408 vocalem
1197 377 1304 406 Kesra
1330 378 1501 416 permutari
1529 377 1658 416 (conf.
1689 378 1738 407 De
1760 377 1850 418 Sacy
1877 377 2009 408 Anthol.

218 446 353 479 Gram.
380 456 410 485 p.
439 444 550 483 345).
602 443 704 472 Poeta
740 441 841 471 verba
865 438 979 478 baum
1009 437 1100 478 giam
1135 445 1284 478 tanquam
1311 439 1395 468 haud
1422 439 1552 469 definita
1579 440 1732 481 adhibuit,
1761 439 1833 470 dum
1859 439 1933 470 voci
1960 440 2011 469 in-

218 509 370 540 definitae
398 504 514 547 las-,Ltus
540 505 692 535 adiectivi
718 504 788 534 loco
818 504 1007 534 inserviunt.
1059 503 1265 533 Scholiastes
1301 501 1332 530 in
1367 511 1405 530 eo
1442 510 1571 532 causam
1602 502 1714 544 videt,
1752 512 1806 533 cur
1843 512 2011 533 connexus

220 570 365 601 infirmus
392 569 444 605 sit,
472 566 629 606 siquidem
653 575 721 595 vox
746 562 861 602 &mi
888 575 991 606 genus
1018 563 1220 605 significans,
1247 573 1364 594 vocem
1392 574 1462 594 cum
1490 574 1529 594 ea
1544 565 1930 606 coniunctamspecialem
1952 575 2015 595 non

219 632 332 664 reddat
361 630 485 670 (conf.
516 629 626 660 Gram.
654 628 752 658 Arab.
780 628 816 657 T.
842 628 881 657 11.
910 637 941 667 p.
972 627 1040 657 135
1067 636 1135 666 seq.
1164 627 1297 668 Alfiyya
1323 637 1411 657 vers.
1443 626 1514 657 389
1543 628 1632 668 sqq.)

219 731 251 760 2.
274 728 338 766 Qui
358 727 539 766 opulentum
561 735 596 755 se
616 728 709 762 putat
729 723 868 764 qualibet
891 727 990 761 nocte,
1014 733 1077 762 qua
1099 725 1137 754 ab
1160 727 1260 754 amico
1283 725 1364 755 lacte
1386 726 1581 755 abundantia
1600 736 1717 764 pecora
1734 727 1867 756 habente
1884 727 2017 765 hospitio

1039 780 1210 815 excipitur,

320 855 357 884 In
383 861 545 893 paupere,
581 852 633 889 qui
660 848 818 879 vilissime
844 847 976 877 vivendi
1003 848 1144 886 ratione,
1180 852 1215 877 ut
1247 847 1348 878 vitam
1381 852 1578 886 conservet,
1616 851 1787 878 contentus
1812 847 1954 887 periculo
1982 857 2017 878 se

222 929 286 950 non
313 916 457 957 exponit,
485 912 691 944 describendo
721 912 838 953 pergit.
868 910 960 949 Quod
986 910 1126 950 hospitio
1154 910 1262 940 divitis
1290 910 1380 941 amici
1406 911 1505 940 vitam
1533 911 1706 952 sustineat,
1733 915 1769 940 ut
1794 910 1854 940 sibi
1882 910 2017 950 opulen-

224 987 277 1013 tus
304 981 474 1017 videatur,
512 976 631 1007 sordidi
658 975 753 1006 animi
779 984 854 1004 esse
881 977 976 1014 poeta
1002 976 1102 1013 putat.
1155 973 1358 1003 Scholiastes
1387 983 1503 1003 vocem
1526 985 1612 1019 ,w
1637 973 1874 1015 significatione
1901 974 1931 1003 ei
1958 983 2019 1013 op-

222 1044 330 1085 posita
355 1051 437 1072 voce
467 1038 564 1079 ψαιέ
591 1039 835 1078 explicaturus,
871 1036 1008 1066 huiusce
1035 1036 1127 1066 vocis
1155 1035 1337 1075 probandae
1365 1045 1463 1066 causa
1490 1035 1723 1067 hemistichium
1751 1037 1861 1076 (metr.
1889 1036 2020 1075 Basith)

223 1106 373 1138 adduxit:
415 1103 616 1142 Quilibet
651 1109 778 1131 annus
816 1103 964 1128 contra
996 1107 1081 1127 eam
1115 1107 1242 1127 annus
1275 1097 1450 1137 inopiae
1484 1097 1625 1127 lactis
1653 1103 1734 1128 est.
1787 1097 1885 1128 Modo
1915 1101 2019 1129 autem

222 1168 430 1208 metaphorae
457 1165 544 1196 nocti
570 1165 632 1204 ipsi
659 1163 833 1202 hospitium
858 1161 978 1191 tribuit.

222 1267 256 1296 3.
282 1264 345 1302 Qui
359 1262 492 1301 vespera
507 1262 628 1300 dormit,
652 1263 718 1289 lum
737 1267 830 1287 ηιαηε
852 1257 1069 1287 somnolentus
1091 1267 1110 1285 a
1131 1256 1230 1285 latere
1252 1266 1310 1285 suo
1329 1257 1549 1294 pulverulento
1559 1257 1702 1294 ylaream
1713 1257 1861 1296 fricando
1876 1260 2018 1292 removet,

322 1334 432 1365 Vitam
459 1331 609 1372 pauperis
637 1330 710 1359 talis
739 1327 875 1366 amplius
904 1326 1089 1356 describens
1117 1335 1190 1355 eum
1217 1326 1368 1367 pigritiae
1395 1326 1534 1356 deditum
1562 1336 1639 1356 esse
1668 1326 1753 1368 dicit,
1781 1326 1853 1356 dum
1868 1326 2022 1367 vespera,

225 1406 287 1438 quo
314 1401 456 1435 tempore
486 1393 609 1424 strenui
639 1400 800 1431 pauperes
828 1394 959 1431 exeunt,
984 1394 1019 1419 ut
1045 1388 1165 1429 praeda
1192 1390 1365 1430 potiantur,
1393 1399 1506 1419 somno
1532 1389 1677 1430 indulget
1693 1392 1724 1419 et
1749 1399 1806 1428 per
1832 1393 1932 1419 totam
1959 1398 2022 1418 no-

226 1464 309 1491 ctem
336 1458 493 1489 dormiens
521 1453 672 1486 matutino
702 1459 843 1494 tempore
870 1453 1092 1483 somnolentus
1122 1456 1183 1482 est.
1236 1451 1401 1481 Posterior
1428 1456 1535 1481 autem
1561 1461 1679 1481 versus
1706 1461 1781 1491 pars
1809 1460 1880 1481 eum
1900 1460 2023 1480 summa

225 1526 418 1563 paupertate
445 1528 589 1560 pressum
619 1518 792 1556 describit,
826 1522 861 1547 ut
886 1517 957 1556 ipso
984 1515 1151 1556 straguIO,
1186 1515 1216 1543 in
1251 1523 1313 1553 quo
1341 1513 1536 1554 decumbat,
1572 1518 1702 1551 careat,
1737 1523 1797 1544 nec
1822 1523 1885 1543 non
1910 1522 2022 1542 somno

228 1588 396 1623 tantopere
424 1581 573 1619 deditum,
600 1585 635 1609 ut
662 1589 701 1609 ne
729 1580 832 1609 locum
859 1578 984 1618 quidem
1017 1587 1131 1617 purum
1163 1576 1223 1606 sibi
1259 1576 1384 1616 eligens
1412 1576 1554 1615 quolibet
1581 1575 1650 1605 loco
1684 1584 1802 1615 corpus
1829 1578 2021 1615 prosternat.

227 1646 322 1676 Hunc
349 1653 412 1685 ego
440 1652 570 1673 sensum
599 1642 629 1671 in
657 1641 766 1671 verbis
791 1641 937 1670 invenio:
966 1638 1122 1669 Fricando
1150 1642 1297 1667 removet
1325 1637 1469 1678 glaream
1495 1647 1515 1666 a
1541 1637 1642 1667 latero
1669 1646 1729 1666 suo
1755 1636 1989 1676 pulverulento.

228 1744 261 1773 4.
286 1741 350 1779 Qui
369 1740 552 1770 mulieribus
572 1739 678 1776 yemis
701 1737 860 1767 aua-ilium
881 1738 1027 1774 praestat
1046 1737 1080 1763 in
1102 1736 1187 1764 omni
1207 1744 1250 1770 re,
1277 1736 1309 1762 in
1334 1744 1396 1772 qua
1419 1735 1523 1771 ipsum
1544 1733 1703 1763 auoeilium
1718 1735 1834 1769 royant
1847 1735 1879 1761 et
1892 1732 2025 1770 vespera*

805 1794 890 1820 sicut
913 1790 1053 1819 eumelus
1072 1791 1230 1828 fatt'qatzcs
1251 1787 1359 1816 Iussu-5
1382 1790 1447 1824 est,·
1778 1788 1780 1790 ’

327 1867 362 1896 111
388 1866 450 1896 hoc
477 1874 597 1904 versu,
631 1862 684 1903 qui
712 1863 742 1891 in
772 1860 929 1891 Mersukii
956 1859 1066 1889 codice
1095 1868 1157 1888 non
1182 1858 1366 1895 invenitur,
1392 1856 1488 1885 vilem
1517 1855 1667 1895 pauperis
1696 1855 1833 1886 animum
1861 1854 2024 1895 describit,

233 1928 287 1968 qui
315 1933 348 1958 et
374 1927 453 1966 ipsis
483 1925 666 1956 mulieribus
701 1926 732 1954 in
768 1923 849 1953 omni
876 1933 910 1952 re
947 1921 1036 1951 servi
1062 1920 1153 1950 modo
1181 1929 1296 1959 operas
1324 1918 1401 1948 dare
1428 1917 1510 1948 haud
1537 1917 1704 1947 detrectat.
1757 1917 1911 1947 Scholion
1937 1916 2025 1947 initio

231 1999 372 2020 mancum
400 1988 555 2027 videtur3
590 1987 685 2017 deest
712 1986 797 2016 enim
822 1994 901 2026 vox,
938 1986 987 2015 cui
1015 1983 1225 2024 explicandae
1254 1992 1321 2012 vox
1346 1978 1443 2028 45:215
1471 1981 1617 2011 inservit.
1670 1981 1828 2011 Fortasse
1854 1979 2025 2021 legendum

231 2049 328 2098 &gu
349 2037 468 2094 :35-

233 2148 265 2178 5.
288 2147 355 2178 Sed
374 2156 505 2185 pauper,
531 2148 622 2175 cuius
641 2147 748 2184 facies
768 2144 913 2182 splendet
932 2145 1019 2172 sicut
1040 2142 1101 2171 lu-z·
1123 2141 1232 2170 lucens
1250 2142 1399 2179 flammae
1421 2141 1572 2169 ardentis.

332 2217 435 2247 Poeta
461 2225 633 2254 pauperem
661 2214 813 2244 describit
840 2214 892 2243 isti
919 2212 1111 2252 oppositum.
1163 2211 1248 2241 Dum
1284 2211 1337 2240 ille
1376 2213 1565 2250 paupertate
1597 2217 1774 2248 oppressus
1804 2206 1939 2237 animum
1967 2206 2026 2236 ab-

233 2280 354 2310 iectum
380 2277 512 2308 tristitia
537 2277 646 2307 vultus
674 2275 826 2316 ostendit,
854 2276 905 2306 hic
932 2277 1070 2305 animum
1097 2273 1241 2312 hilarem,
1270 2272 1322 2312 qui
1347 2270 1577 2300 calamitatibus
1606 2278 1667 2298 non
1695 2268 1790 2306 cedit,
1817 2267 1908 2297 hilari
1933 2267 2026 2296 vultu

234 2339 429 2370 manifestat.
472 2339 548 2369 Vox
574 2334 685 2377 ffl'dijl
713 2336 805 2366 modo
833 2337 938 2376 poetis
963 2336 1094 2377 usitato,
1122 2335 1173 2374 qui
1199 2334 1359 2364 adiectiva
1385 2333 1455 2363 loco
1472 2332 1745 2362 substantivorum
1763 2334 1893 2370 ponunt,
1919 2329 2025 2359 ionem

1930 2354 1950 2370 δ

235 2402 408 2442 designat,
442 2400 516 2430 dum
550 2409 617 2429 vox
637 2395 745 2445 ,32th
785 2399 1010 2439 comparationi
1037 2395 1241 2427 exornandae
1269 2400 1301 2425 et
1327 2395 1573 2425 homoioteleuto
1600 2393 1822 2425 constituendo
1847 2393 1949 2432 magis
1976 2392 2026 2421 in-

240 2464 345 2494 servit
379 2473 473 2504 quam
502 2462 683 2492 sententiae
715 2461 940 2501 perficiendae.
995 2460 1213 2491 Praedicatum
1238 2458 1409 2487 verborum
1445 2454 1562 2499 [532210
1585 2454 1676 2502 ⁸:5³³>
1703 2464 1783 2486 voce
1813 2447 1916 2484 ὠὸὀ
1940 2454 2026 2484 tertii

237 2533 312 2567 post
327 2528 410 2558 hunc
425 2526 591 2566 sequentis
606 2533 725 2554 versus
744 2523 922 2553 continetur
938 2526 970 2552 et
987 2522 1088 2552 verba
1102 2531 1187 2561 εις-ῳ,
1203 2523 1328 2549 ικςωὶιο
1344 2526 1419 2552 sunt
1435 2521 1506 2551 loco
1521 2520 1692 2551 verborum
1707 2528 1792 2558 ῳ,
1807 2519 1932 2546 ‘asmo
1949 2524 2024 2558 xjv.

236 2584 336 2620 Simili
364 2588 453 2619 modo
482 2598 511 2628 p.
540 2588 574 2617 Μ
603 2597 635 2617 v.
665 2588 697 2617 2.
727 2590 759 2617 et
786 2596 816 2626 p.
844 2596 870 2614 Λ·
897 2595 930 2615 v.
959 2585 990 2616 2.
1021 2586 1143 2617 factum
1172 2595 1249 2615 esse
1275 2585 1433 2615 videmus.
