2247 2865
953 64 1218 96 -537—

188 173 426 209 pereuntes
454 167 611 207 video,
649 165 754 207 quod
782 166 953 196 {mamus
981 164 1195 204 (praeses)
1222 174 1296 195 ens
1324 175 1398 196 non
1425 168 1627 197 continet
1654 172 1692 198 et
1719 170 1755 198 in
1783 169 1874 200 eius
1902 168 1969 200 fa·-

189 233 307 262 milia
343 241 442 272 opes
480 240 554 261 nou
592 229 860 269 deponuntur
893 227 937 265 (i.
966 237 994 256 o.
1024 236 1209 257 securae
1246 236 1326 256 non
1362 230 1502 266 sunt).
1565 230 1763 260 Merwannm
1800 231 1897 271 igitur
1930 232 1969 261 ad

189 293 508 325 Ahbd-Alwahidum
536 293 563 322 b.
595 291 702 322 Manili
732 296 765 321 et
792 289 993 329 Onmjjulium
1021 289 1198 319 mundatum
1227 290 1323 328 misit,
1351 296 1382 320 ut
1410 300 1480 320 cum
1511 291 1619 319 incolis
1645 291 1780 330 Syriae,
1811 293 1970 331 Medinae,

189 356 349 386 Arabibus
376 355 628 395 campestribus,
655 358 750 394 gente
779 353 856 382 Kais
885 354 1017 393 aliisque
1046 357 1156 383 contra
1184 353 1376 382 Muluianum
1405 352 1698 392 proficiscerentur.
1735 355 1884 385 tributum
1912 365 1970 386 su-

188 423 309 448 merent
332 422 365 449 et
393 417 524 448 caedem
554 417 702 447 Badritae
732 417 978 453 ulciscerentur,
1017 422 1078 446 tuin
1114 425 1182 445 cum
1217 416 1372 454 equitibus
1399 420 1515 445 terram
1543 416 1650 456 gentis
1678 416 1757 445 Thai
1785 417 1971 447 invadentes

188 479 382 510 Mahdauutu
418 479 489 510 iude
526 479 564 509 ad
603 480 703 518 ipsum
744 478 948 508 adducerem.
1002 477 1202 516 Omujjulinm
1238 478 1355 517 igitur,
1386 480 1417 507 ut
1452 477 1604 507 mandatis
1637 478 1865 517 satisfaceret,
1902 489 1972 509 cum

190 541 320 582 triginta
355 542 488 572 millibus
526 551 565 571 ex
602 541 713 570 incolis
741 540 912 577 Medhme,
948 540 1064 579 Syriae
1091 543 1121 570 et
1148 540 1307 569 Arabihus
1334 550 1352 570 e
1378 546 1475 581 gente
1509 541 1587 570 Kais
1623 545 1654 570 et
1683 540 1770 570 Asad
1799 541 1973 580 profectum

190 612 265 634 esse
291 608 325 634 et
353 604 392 634 ad
419 613 528 634 omnes
555 603 717 632 vindictae
745 603 877 642 cupidos
905 608 1016 632 contra
1044 608 1174 643 gentem
1204 602 1282 631 Thai
1311 603 1450 632 misisse.
1504 602 1607 640 Quum
1643 604 1739 642 primo
1772 604 1888 644 agmini
1922 605 1974 634 vi-

189 675 257 697 rum
285 667 415 697 Alliaris
443 668 471 696 b.
498 666 590 697 Jasid
617 667 645 699 b,
674 666 807 695 llamal.
837 674 930 694 unum
959 674 976 693 e
1003 665 1151 705 gentihus
1179 663 1352 693 foederatis
1381 667 1471 701 (sunt
1499 668 1614 704 gentes
1645 668 1718 702 'sq-222,
1746 673 1859 703 Μ,
1882 668 1975 702 ῥα.»

188 734 223 759 et
247 730 376 767 W)
404 729 626 769 praefecisset,
654 734 783 770 gentem
811 729 889 757 Kais
918 726 1089 757 ulciscendi
1117 734 1214 755 causa
1242 727 1271 754 in
1299 730 1426 764 gentem
1454 726 1532 754 Thai
1561 731 1740 766 grassatam
1767 737 1852 756 esse.
1886 727 1973 757 Nar-

189 800 283 821 rasse
310 800 403 831 porro
430 792 648 831 Muluianum,
675 802 713 822 se
740 791 907 822 duodecim
935 791 1026 820 millia
1053 800 1161 820 secum
1190 789 1341 818 habuisse
1369 792 1400 817 et
1428 797 1521 826 quum
1548 787 1586 816 ad
1615 787 1772 827 Omajjalu
1799 790 1975 819 exercitum

192 856 420 894 pervenisset,
455 865 493 884 se
520 856 612 895 qnasi
648 856 722 885 ferri
759 860 883 884 montes
911 860 941 884 et
970 854 1145 883 exercitum
1173 853 1242 881 sine
1269 852 1331 880 fine
1359 852 1581 889 conspexisse.
1633 850 1713 880 'l'um
1741 856 1870 891 gentem
1896 851 1975 881 Thai

192 916 265 956 igne
292 916 322 945 in
350 922 456 946 monte
493 917 575 956 Adja
602 926 749 955 accenso,
778 918 847 946 suis
873 918 1059 946 convocatis
1087 915 1226 944 camelos
1254 918 1427 951 mactasse,
1456 922 1587 951 qnorum
1615 911 1746 951 pellibus
1772 917 1865 942 scuta
1899 922 1977 942 con-

190 977 300 1008 ficeret
325 984 358 1008 et
384 988 477 1009 carne
503 990 541 1009 se
569 981 711 1009 nutriret.
739 979 784 1009 Se
804 984 908 1009 autem
929 978 1105 1007 exereitum
1127 976 1334 1015 sequentibus
1355 974 1461 1004 verbis
1489 974 1526 1003 ad
1554 974 1766 1004 fortitudinem
1795 976 1975 1015 excitasse:

190 1040 218 1070 0
246 1040 300 1070 filii
326 1041 486 1080 serpentis
514 1041 594 1081 nigri
616 1040 652 1079 ¹),
681 1050 699 1069 o
727 1050 840 1080 agmen
855 1034 1086 1079 'l'liajjitaruml
1115 1040 1175 1068 Hic
1203 1037 1271 1067 dies
1297 1042 1360 1076 est,
1387 1045 1446 1075 quo
1475 1043 1529 1066 aut
1558 1036 1762 1066 existentiam
1789 1042 1977 1076 perpetuam

190 1101 291 1139 vobis>
311 1103 430 1141 paratis
458 1106 510 1132 ant
539 1103 667 1142 perituri
695 1104 787 1132 estis.
840 1101 943 1139 Quum
977 1104 1120 1142 sagittae
1152 1100 1234 1140 apud
1272 1109 1333 1129 vos
1369 1099 1538 1136 decidunt,
1577 1103 1640 1129 tum
1669 1100 1756 1129 Deus
1793 1100 1978 1131 timidiorem

191 1163 361 1203 utriusque
388 1164 522 1204 agminis
551 1170 672 1203 partem
699 1164 857 1194 dedecore
885 1159 1029 1194 adficiat!
1063 1164 1103 1202 (l.
1133 1173 1161 1192 e.
1199 1162 1257 1200 Qui
1286 1172 1327 1191 ex
1354 1161 1474 1191 duobus
1501 1162 1694 1192 exercitibus
1725 1163 1810 1193 initio
1837 1173 1976 1205 pugnae,

189 1236 285 1266 quum
311 1227 440 1267 saginis
468 1231 619 1264 certatur,
644 1236 704 1256 non
734 1227 884 1257 audacter
913 1227 1076 1268 procedit3
1103 1227 1162 1257 sed
1190 1225 1328 1258 timidum
1355 1233 1391 1254 se
1417 1223 1569 1264 ostendit,
1596 1224 1622 1253 is
1652 1223 1807 1254 dedecore
1823 1225 1977 1256 adficien-

191 1287 252 1318 dus
281 1294 343 1318 est.
397 1288 501 1326 Quum
529 1299 611 1329 gens
640 1288 727 1319 Asad
754 1289 782 1318 in
811 1289 941 1330 sagittis
968 1289 1121 1319 iaciendis
1147 1289 1364 1319 celebritatem
1394 1292 1508 1316 nactus
1535 1290 1643 1327 esset,
1678 1286 1738 1317 hac
1764 1288 1793 1317 in
1820 1298 1854 1317 re
1880 1297 1979 1319 causa

191 1360 269 1380 esse
297 1356 428 1390 potest,
464 1361 521 1381 cnr
547 1361 604 1381 eos
639 1351 802 1389 hortetur,
845 1357 878 1381 ut
910 1352 939 1380 in
974 1351 1086 1382 hostes
1113 1351 1225 1393 gladiis
1252 1353 1390 1391 irruant,
1427 1359 1467 1380 ne
1493 1350 1620 1390 sagittis
1647 1349 1697 1380 diu
1725 1350 1861 1389 expositi
1887 1351 1977 1389 sint.)

194 1412 334 1453 Agmine
361 1412 517 1451 disposito
548 1422 642 1451 quum
669 1412 781 1442 hostes
805 1414 934 1454 sagittis
962 1423 1101 1454 pugnam
1128 1414 1314 1452 inciperent,
1343 1422 1434 1443 suam
1462 1418 1590 1454 gentem
1618 1423 1678 1443 uno
1707 1414 1824 1453 impetn
1852 1415 1977 1443 irruen-

190 1477 253 1503 tem
281 1460 503 1504 statim‘initio
532 1475 713 1505 Alliarisum
741 1480 773 1505 et
800 1476 998 1513 Sarhanum,
1027 1476 1196 1515 principem
1223 1476 1328 1516 gentis
1355 1475 1446 1513 Kais,
1475 1475 1640 1505 occidisse.
1694 1476 1845 1516 Magnam
1872 1480 1978 1506 autem

193 1536 316 1566 cladem
353 1537 460 1577 gentis
494 1537 572 1567 Kais
607 1538 727 1574 fuisse,
765 1547 862 1577 quum
889 1538 1036 1567 Ilarisum
1073 1537 1302 1576 defenderent,
1338 1539 1390 1576 qui
1417 1536 1611 1566 metallorum
1652 1535 1764 1565 fodinis
1801 1540 1978 1575 praeesset.

193 1598 331 1629 Gentem
361 1599 460 1638 nais,
496 1599 646 1629 trecentis
674 1602 812 1639 occisis,
847 1599 877 1628 in
907 1598 1014 1640 fugam
1043 1598 1261 1628 foedissimam
1288 1608 1365 1628 sese
1399 1599 1548 1628 vertisse.
1600 1598 1645 1627 Se
1672 1603 1778 1628 autem
1806 1599 1979 1628 exercitum

194 1661 344 1691 maiorem
373 1662 533 1703 fragorem
561 1662 708 1691 edentem
736 1671 895 1701 nunquam
923 1661 1056 1693 vidisse.
1111 1660 1336 1701 Omajjalium,
1364 1661 1414 1700 qui
1442 1661 1591 1700 captivus
1619 1660 1775 1690 adductus
1803 1666 1914 1701 esset,
1941 1670 1979 1690 se

193 1723 323 1754 liberum
350 1723 509 1754 dimisisse
536 1729 568 1753 et
597 1723 742 1763 puellam,
771 1734 852 1763 quae
879 1726 909 1753 ei
936 1729 1046 1764 esset,
1071 1724 1165 1753 simul
1193 1733 1264 1753 cum
1291 1723 1361 1762 ipso
1389 1723 1547 1752 Medinam
1575 1724 1716 1762 misisse,
1744 1722 1816 1752 dum
1844 1731 1980 1762 praeco-

198 1795 268 1815 nem
298 1787 443 1815 nuntiare
470 1786 605 1827 iuberet,
632 1796 671 1815 ue
699 1787 768 1825 quis
794 1786 972 1827 fugientem
999 1790 1246 1824 persequeretur
1265 1790 1318 1814 aut
1336 1784 1533 1814 vulneratum
1549 1783 1718 1813 occideret.
1748 1784 1840 1822 Quod
1857 1785 1884 1813 si
1900 1794 1979 1815 vero

199 1849 359 1886 novisset,
387 1857 467 1886 quae
495 1850 523 1877 in
543 1849 703 1878 Merwani
729 1849 844 1878 litteris
871 1849 989 1887 scripta
1018 1852 1152 1876 essent:
1179 1846 1288 1876 occide
1315 1851 1347 1876 et
1375 1847 1519 1885 captivos
1547 1844 1618 1876 sac!
1646 1856 1726 1886 quas
1754 1847 1876 1877 litteras
1902 1848 1982 1877 inter

202 1908 361 1948 Omajjahi
396 1911 621 1949 impedimenta
655 1916 799 1950 repertas
837 1911 944 1950 legere
979 1919 1038 1939 nou
1076 1914 1231 1949 possent,
1270 1919 1309 1938 ne
1341 1918 1472 1948 puerum
1505 1908 1629 1946 quidem
1657 1907 1781 1938 salvum
1809 1918 1982 1939 evasurum

199 1971 312 2000 fuisse.
366 1972 566 2001 Merwanum
599 1977 662 2002 tum
691 1983 710 2003 a
737 1973 899 2012 praefecto
927 1972 1075 2002 Medinae
1108 1972 1146 2001 de
1181 1972 1316 2000 victoria
1342 1971 1551 2010 Tliajjitarum
1585 1971 1754 2001 certiorem
1789 1971 1905 2002 factum
1931 1972 1983 2001 vi-

198 2044 264 2064 rum
294 2035 393 2064 Ebu·
411 2034 555 2074 Rijalium
585 2036 782 2076 Alghassaui
819 2046 890 2067 cum
918 2035 1027 2064 decem
1055 2035 1190 2064 millibus
1224 2034 1375 2071 misisse3
1418 2033 1473 2063 sed
1511 2033 1666 2071 eundem,
1708 2044 1802 2073 quum
1829 2035 1867 2064 ab
1895 2035 1982 2064 Ebu-

198 2097 380 2126 ttobairaho
401 2095 430 2136 “-“)
466 2098 581 2127 certior
622 2098 728 2127 factus
768 2104 875 2138 esset,
916 2096 1223 2128 Ebn-Dhobaraho
1256 2095 1363 2124 occiso
1398 2095 1436 2124 ab
1471 2095 1585 2134 oppido
1613 2095 1683 2137 ‘Rei
1712 2096 1934 2126 Kahtabahum
1951 2097 1982 2135 ³)

264 2206 401 2255 (fid-*li
431 2211 494 2237 bc:
520 2210 591 2250 bia}
619 2211 665 2239 03
693 2216 763 2238 »lam
787 2214 910 2238 baculum
940 2215 1218 2237 Monammedanorum
1249 2214 1406 2244 fregerunt«
1425 2212 1442 2236 i.
1461 2218 1484 2236 e·
1509 2211 1698 2235 dissensionem
1726 2212 1794 2235 inter
1820 2212 1984 2236 Monamme-

265 2271 349 2292 danus
368 2269 529 2291 excitarunt.

217 2315 246 2343 1)
267 2316 337 2340 Fieri
357 2319 461 2345 potest,
489 2319 517 2338 ut
539 2315 697 2345 cognomine
721 2315 771 2339 isto
792 2319 895 2346 gentem
915 2319 1038 2346 tanquam
1058 2315 1179 2338 hostibus
1198 2316 1306 2340 noxiam
1325 2316 1467 2347 designare
1486 2315 1601 2339 vuluerit
1621 2317 1647 2336 et
1665 2313 1702 2336 nil
1721 2313 1792 2336 aliud
1811 2312 1901 2336 inveni
1919 2319 1985 2337 ver-

265 2361 303 2384 bis
324 2366 425 2390 aptum.

215 2406 247 2434 2)
269 2406 359 2429 Virum
380 2406 448 2429 hunc
465 2405 576 2429 Jasidus
594 2406 618 2428 b.
637 2405 735 2429 Ohmar
753 2406 776 2429 b.
797 2405 930 2429 Bobairalr
950 2406 974 2428 in
989 2406 1089 2428 lracam
1107 2411 1178 2428 anno
1200 2405 1252 2428 128
1270 2407 1303 2428 ad
1321 2404 1513 2434 reprimendam
1533 2402 1707 2426 rebellionem
1724 2402 1831 2425 miserat
1849 2401 1932 2425 conf.
1952 2402 1985 2426 de

267 2452 324 2475 viro
344 2452 438 2475 librum
460 2459 558 2475 meum:
575 2453 683 2475 Selecta
702 2459 734 2475 ex
754 2452 845 2475 histor.
865 2452 956 2476 Halebi
976 2459 1000 2482 p.
1018 2453 1055 2475 58
1073 2452 1132 2475 ndu.

215 2496 246 2524 8)
268 2497 436 2520 Alibhzes-idue
454 2504 525 2520 anno
549 2497 598 2520 129
619 2497 722 2526 palam,
741 2497 809 2521 clani
829 2498 908 2521 rebus
928 2498 1111 2528 praeparatis,
1131 2497 1303 2521 Chorasanae
1321 2496 1425 2520 incolas
1443 2495 1476 2517 ad
1495 2500 1558 2517 suas
1577 2496 1667 2522 partes
1686 2492 1803 2516 invitare
1821 2492 1984 2522 inceperant.

266 2543 486 2568 Abu-Moslimus
505 2544 541 2567 rei
559 2547 655 2567 auctor
673 2546 739 2567 erat.
774 2543 873 2567 Eodem
890 2549 978 2568 autem
996 2550 1068 2568 anno
1088 2545 1141 2568 dux
1161 2544 1333 2567 Kantabahus
1352 2549 1411 2566 cum
1429 2541 1548 2564 exercitu
1566 2541 1599 2563 ab
1618 2539 1844 2568 Abu-Moslimo,
1861 2539 1912 2563 sub
1934 2545 1986 2570 quo

1697 2588 1742 2618 68
