2247 2865
967 96 1233 128 -243—

197 197 227 224 2.
257 196 390 232 Tempus
413 195 535 224 nnuma
557 195 707 224 dilectum
728 193 807 222 milon·
827 193 964 231 reliquit.
990 195 1042 222 cni
1062 193 1259 222 vehemmter
1281 194 1405 223 deditus
1436 203 1539 233 eram,
1573 206 1663 233 quem
1695 201 1753 226 aut
1772 198 1916 226 aboenliti
1938 202 1994 226 mat

873 248 1038 275 aversione
1060 256 1122 275 non
1145 249 1306 283 eripuerit.

300 319 388 350 Haeo
413 328 531 349 versus
559 317 778 348 antecedentis
806 317 906 347 verba
931 317 1111 346 accuratius
1140 317 1310 355 explicant.
1353 317 1427 346 Vox
1454 316 1535 348 Qus:
1571 319 1698 357 proprie
1734 329 1821 350 res,
1857 330 1874 350 a
1912 331 1929 360 q
1946 330 1993 351 ua

200 389 274 409 nos
303 389 509 420 separare
537 388 612 408 uon
640 388 885 417 possumus,
923 378 952 407 in
989 378 1130 408 homines
1164 379 1315 409 translata
1349 385 1411 409 est.
1452 380 1485 409 ln
1523 380 1633 410 scholii
1672 383 1770 419 prima
1807 382 1888 412 linea
1923 392 1993 412 cum

201 442 366 472 Mersukio
383 451 413 478 ι)
426 435 533 483 jsslxuii
548 440 654 480 potius
669 439 836 480 legendum
852 444 939 479 puto.
968 439 1018 468 Ad
1037 449 1168 470 sensum
1186 438 1304 471 versus
1325 443 1435 482 verba,
1455 452 1536 481 quae
1552 443 1740 473 Atraschido
1756 444 1992 480 adscribuntur,

202 512 301 543 prope
326 502 502 533 accedunt:
529 499 642 546 (Metr.
672 501 796 545 tVafir)
824 503 973 543 Video,
1002 511 1152 532 omnem
1180 513 1279 544 rem,
1307 513 1422 543 quam
1454 514 1596 534 amore
1634 506 1890 545 amplector,
1929 517 1994 547 pe·

203 566 295 596 rire.
347 565 488 596 Narrant
516 566 697 597 Ismaiblem
726 567 755 596 b.
783 566 880 596 lsbak
916 566 1055 595 Alnsrak
1091 566 1322 604 Medinensem,
1367 568 1416 597 cui
1445 577 1576 597 scurrae
1605 578 1719 598 munus
1749 575 1856 610 esset,
1897 571 1994 600 Aira-

203 627 348 658 schidum
373 627 560 658 redeuntem
584 639 626 659 ex
662 629 784 659 funeris
808 627 975 667 Dhajabae
1011 628 1180 666 comitatu,
1215 630 1341 668 puellae
1375 630 1436 668 ipsi
1469 630 1625 671 dilectae,
1660 631 1899 673 interrogasse,
1939 642 1995 663 cur

203 695 291 720 tauto
321 699 465 721 moerore
492 691 685 722 adficeretur
711 697 743 722 et
771 690 998 730 respondenti:
1025 700 1128 720 annon
1159 691 1278 728 videat,
1307 701 1430 730 omneS,
1460 701 1540 731 quos
1569 693 1597 721 in
1613 702 1722 723 amore
1742 693 1868 732 babeat,
1897 701 1996 726 morte

203 748 328 791 abripi?
353 752 490 783 dixisse:
520 764 570 783 me
596 754 693 794 igitur
713 763 795 792 ama,
825 758 857 782 ut
876 752 1002 783 moriar.
1032 752 1254 783 Airaschidum
1270 759 1336 784 tum
1359 755 1529 793 dicentem,
1557 765 1697 786 amorem
1725 766 1789 786 rem
1820 767 1879 787 non
1907 768 1995 800 osse,

202 822 295 852 quam
322 814 480 844 adducere
507 814 601 844 homo
627 815 743 854 possit,
771 825 842 845 eum
869 824 948 844 vero
977 815 1130 845 advenire
1149 818 1259 846 causis
1279 818 1465 857 excitatum,
1495 818 1626 849 alterum
1646 828 1795 860 rogasse,
1823 826 1857 850 ut
1881 822 1997 852 saltem

203 876 342 906 diceret:
373 881 404 906 te
431 872 519 906 amo!
548 876 642 914 Quod
667 886 761 916 quum
791 876 999 906 Airasehidus
1026 877 1170 917 fecisset,
1197 877 1281 907 illum
1308 878 1389 909 febri
1418 880 1581 919 abreptum
1610 889 1698 919 esse,
1726 885 1759 911 ut
1787 882 1997 913 Airascbidus

206 940 321 969 iterum
351 939 487 980 lugeret.

999 1032 1132 1066 Lxx
1139 1032 1195 1066 x.

748 1098 889 1133 Dixit
912 1098 1116 1133 Thorai!
1140 1098 1457 1134 Glnanawita.

208 1168 237 1197 1.
261 1168 332 1206 Eqn
353 1169 525 1197 amicornm
547 1168 723 1198 absentiam
747 1168 838 1197 Imm!
857 1179 952 1206 aeqre
971 1169 1060 1207 fero,
1090 1172 1258 1206 propterea
1282 1171 1367 1208 qnod
1396 1170 1469 1199 olim
1492 1171 1697 1207 benignorum
1722 1174 1893 1203 vicinorum
1916 1175 2000 1204 alum

973 1223 1122 1260 adflictus
1144 1232 1240 1252 eram.

308 1290 526 1321 Adsuefactus
553 1291 726 1321 amicorum
754 1291 851 1321 obitui
878 1301 940 1321 non
968 1291 1103 1330 amplius
1131 1291 1203 1321 inde
1230 1300 1407 1322 moerorem
1435 1301 1473 1321 se
1500 1293 1668 1332 concipere
1696 1294 1782 1325 dicit.
1812 1296 1895 1326 Voci
1914 1294 2000 1343 04AE

214 1356 268 1382 aut
286 1352 493 1381 accusativus
511 1361 622 1390 casus,
654 1357 688 1381 ut
710 1351 869 1382 obiectum
883 1352 976 1381 vocis
991 1354 1210 1383 antecedentis
1238 1354 1297 1394 sit,
1328 1359 1383 1383 aut
1410 1355 1594 1395 genitivus,
1630 1360 1665 1385 ut
1690 1366 1761 1386 cum
1787 1358 2002 1396 praecedente

211 1414 431 1455 coniungatur,
459 1414 553 1444 tribui
579 1419 699 1454 potest.
728 1415 838 1444 Verba
864 1402 976 1459 obt-7²⁸
1002 1413 1088 1447 Qui-³5
1115 1410 1198 1456 ἑὰς
1227 1422 1300 1447 sunt
1326 1427 1383 1457 pro
1404 1407 1648 1463 0⁸523⁸⁵³²ff¹2²÷
1675 1426 1707 1451 et
1735 1424 1785 1452 sio
1812 1423 1842 1452 in
1868 1423 2001 1455 scholiis

211 1477 231 1506 1.
259 1477 291 1507 2.
319 1477 489 1518 legendum
516 1482 576 1507 est.

212 1586 243 1615 2.
267 1585 405 1614 Necesse
425 1587 507 1614 enim
529 1589 607 1622 erat,
631 1586 669 1614 ab
690 1588 776 1614 omni
796 1587 874 1619 vivo,
898 1596 1029 1624 quocum
1051 1590 1231 1617 societatem
1253 1592 1402 1620 iniis-sem.
1427 1600 1566 1628 separer.
1613 1591 1749 1628 Quilibet
1765 1603 1886 1623 mecum
1903 1595 2004 1633 fami-

566 1640 689 1669 liariter
712 1642 831 1677 cicens,
854 1650 950 1679 quum
972 1641 1052 1670 milti
1072 1642 1246 1671 honoratus
1268 1647 1324 1677 est,
1350 1654 1369 1672 α
1391 1654 1440 1673 me
1461 1648 1641 1682 separatur.

312 1709 345 1738 [n
373 1718 412 1739 eo
439 1710 582 1740 solatium
609 1710 741 1748 invenit,
769 1709 853 1750 quod
881 1720 934 1740 res
967 1711 997 1739 in
1033 1710 1211 1741 hominibus
1247 1722 1309 1741 nou
1343 1713 1433 1743 aliter
1470 1712 1538 1743 fleri
1574 1715 1689 1753 possit.
1727 1715 1835 1745 Verbo
1861 1719 1944 1765 &²⁶⁴⁰
1972 1721 2005 1745 ut

212 1782 272 1815 σε
300 1771 521 1803 scindendi
547 1777 580 1803 et
606 1776 671 1803 tum
699 1773 929 1812 separandi
955 1773 1147 1814 significatio
1175 1779 1237 1807 est.

213 1878 246 1907 3.
270 1879 402 1910 Clieutie
423 1884 536 1914 autem,
561 1882 617 1918 qui
637 1881 716 1910 milti
737 1890 839 1920 neque
857 1882 988 1919 prodest
1011 1891 1112 1920 neque
1134 1887 1235 1917 nocet,
1257 1884 1341 1912 abitu
1364 1885 1513 1914 delector.

314 1948 376 1978 Hic
401 1958 518 1978 versus
545 1949 575 1979 in
600 1949 759 1980 Mersukii
789 1960 888 1990 opere
916 1950 1124 1982 desideratur.
1163 1951 1360 1983 Dilectorum
1395 1954 1512 1984 abitum
1545 1962 1635 1993 quum
1670 1955 1828 1993 patienter
1855 1955 2008 1994 feramus,

217 2009 290 2048 quid
317 2014 380 2050 est,
408 2010 490 2049 quod
518 2021 626 2041 eorum
652 2013 783 2054 abitum,
810 2014 861 2052 qui
887 2014 978 2044 nobis
1006 2024 1106 2053 neque
1130 2015 1251 2053 prosint
1274 2025 1379 2055 neque
1406 2021 1564 2056 noceant,
1592 2025 1654 2045 non
1682 2016 1886 2047 delectemur.
1926 2018 2009 2048 Huic

217 2071 328 2101 similis
355 2073 436 2102 ratio
461 2073 491 2102 iu
518 2074 627 2103 verbis
656 2081 772 2113 poetae
799 2081 868 2106 est:
897 2077 1007 2114 [metr.
1025 2077 1169 2115 Thawil)
1200 2076 1284 2114 Quo
1313 2078 1470 2108 oculum
1498 2088 1620 2108 meum
1647 2084 1856 2109 converto
1885 2080 2008 2109 nemi-

219 2143 301 2163 nem
329 2134 426 2164 mihi
454 2134 655 2166 dilectum
683 2137 928 2178 conspicio,
955 2143 995 2168 at
1021 2139 1059 2168 in
1087 2138 1201 2168 domo
1227 2139 1345 2168 multi
1375 2145 1496 2177 sunt,
1524 2148 1628 2179 quos
1656 2149 1733 2169 non
1761 2149 1900 2172 amem.

995 2245 1220 2279 Lxxxl.

940 2310 1081 2345 Dixit
1102 2308 1297 2345 *nn-{inu

319 2379 506 2420 Cognomen
535 2380 605 2410 inde
634 2383 770 2423 accepit,
794 2382 877 2422 quod
904 2383 934 2413 in
961 2383 1151 2414 carminibus
1182 2383 1368 2412 camelorum
1393 2383 1576 2422 frequenter
1604 2382 1792 2412 mentionem
1830 2382 1953 2413 faceret
1979 2388 2010 2413 et

222 2449 329 2470 corum
355 2442 492 2471 maxime
520 2452 641 2483 gnarus
669 2449 770 2474 esset.
798 2445 925 2474 Nomen
952 2445 1087 2486 gerebat
1115 2444 1236 2475 Ohbaid
1264 2445 1293 2474 b.
1324 2445 1450 2474 Hozain
1478 2445 1506 2474 b.
1534 2444 1667 2483 Djandal
1696 2445 1724 2473 b.
1746 2444 1872 2474 Kathan
1891 2445 1920 2474 b.
1941 2444 2009 2476 Ra-

225 2501 296 2532 biab
331 2503 359 2536 b.
387 2503 600 2534 Ahbd-Anah
633 2506 663 2535 b.
689 2505 844 2537 Alharets
881 2507 910 2537 b.
943 2508 1088 2538 Nomair.
1125 2508 1318 2538 Priinoribus
1353 2508 1460 2548 gentis
1494 2516 1574 2536 suae
1606 2506 1881 2539 adnumerabatur.
1922 2508 2011 2539 Vixit

224 2569 368 2603 tempore
395 2566 510 2605 Djeriri
540 2573 573 2598 et
601 2567 867 2599 Abbd-Aimalici
891 2570 919 2602 b.
948 2571 1095 2600 Merwan
1124 2569 1228 2599 cons.
1258 2568 1355 2598 Meid.
1383 2569 1420 2596 Τ.
1449 2569 1500 2597 ΙΙΙ.
1531 2568 1679 2607 Append.
