2247 2865
1009 138 1255 168 -48—

241 253 310 282 Hac
335 255 441 281 autem
469 249 577 288 phrasi
601 255 667 275 vox
693 242 722 273 ὀὶ
751 243 912 283 explic-ata
938 245 1009 281 est,
1038 238 1129 279 quasi
1155 238 1287 268 dixerit:
1316 231 1408 273 (gbl-bi
1435 237 1510 273 ²²⁸3>
1540 234 1698 272 (tempore
1725 230 1882 261 libertatis
1910 231 2027 270 meae).

240 306 340 346 Dieit:
381 314 411 342 in
448 320 555 342 amore
581 309 724 339 servitus
752 305 900 337 desiderii
930 308 962 333 et
988 302 1136 332 molestia
1162 299 1318 339 cupidinis
1342 308 1392 328 me
1417 298 1560 337 invasit,
1598 296 1722 335 qualem
1750 298 1879 334 propter
1906 298 1939 324 te
1966 302 2029 323 ex-

242 378 386 418 periebar
411 381 566 414 tempore,
594 381 656 412 quo
684 371 762 400 liber
790 377 887 398 eram.

343 438 425 468 Res
465 438 684 472 narratae,
725 440 827 470 quae
865 426 1116 467 Djahfarum
1152 424 1180 454 b.
1223 422 1387 453 Ohlbah
1424 423 1700 452 Haretsitam
1739 422 1947 459 spectant
1987 422 2031 448 et

244 512 374 534 causa
401 498 685 540 captivitatis
713 492 953 531 caedisque
982 491 1090 518 eius.
1964 521 1966 523 Ι

344 564 436 595 Gens
459 557 687 592 Banu-Ohkail
711 557 739 586 b.
765 556 855 586 Cahb
885 563 981 593 quum
1011 552 1081 582 loeo
1111 545 1275 591 Zaihad1)
1303 548 1462 587 appellato
1489 548 1704 589 substitisset,
1732 548 1868 588 quadam
1893 556 2035 587 vespera

244 625 411 656 iuvenibus
439 621 617 652 ludentibus
646 618 770 658 puellae
794 615 924 646 videndi
950 623 1049 644 eausa
1066 612 1222 652 prodiere.
1250 612 1295 641 Ibi
1323 611 1449 650 quidam
1476 621 1494 640 e
1512 616 1610 652 gente
1626 609 1872 641 Banu-l'Harits
1896 611 1925 641 b.
1946 609 2036 645 Cahb

245 689 348 718 virum
375 696 393 715 e
420 688 515 726 gente
542 681 657 713 Ohkail
684 682 712 711 b.
730 680 830 717 Cahb,
859 678 984 708 nomine
1014 675 1149 716 Azghar
1176 676 1203 707 b.
1231 674 1447 711 Molmmmed,
1476 675 1526 713 qui
1554 674 1594 704 ad
1621 674 1768 704 familiam
1791 673 2036 704 Banu-l‘Abraz

246 749 434 791 pertinebat,
461 746 583 777 mulieri
609 755 626 775 e
657 748 755 786 gente
772 740 1013 773 Banu-l'Harits
1042 738 1238 768 clandestina
1264 736 1377 766 indicia
1401 737 1498 766 oculis
1519 736 1686 766 facientem
1706 736 1920 777 conspiciens,
1949 740 2038 765 tanta

249 814 295 843 ira
322 811 453 852 exarsit,
480 814 514 840 ut
541 818 621 848 equo
650 815 840 842 conscenso,
868 803 979 834 lancea
1006 801 1132 840 sumpta
1160 800 1351 830 Olikailitam
1378 800 1407 829 in
1428 809 1482 829 ore
1499 799 1685 829 confodiens
1702 799 1826 829 dentem
1844 801 1913 845 (p,
1938 800 2040 846 25.)

246 875 345 916 fregit
371 878 404 903 et
430 872 595 914 gingivam
621 869 744 899 diffidit.
781 868 915 907 Putans,
942 866 1085 895 lanceam
1112 863 1150 893 ad
1177 863 1328 892 interiora
1355 867 1558 901 penetrasse,
1585 862 1614 890 in
1641 861 1749 902 fugam
1776 870 1811 891 se
1839 861 1935 891 dedit..
1979 862 2041 892 Vir

249 943 357 969 autem
384 946 425 966 ex
454 934 622 965 Olikailitis
651 932 781 961 fratrem
811 928 954 969 Azghari
981 927 1166 956 Alibbasum
1192 926 1222 955 b.
1250 925 1456 954 Mohammed
1485 925 1525 954 ad
1550 924 1726 954 vindictam
1752 926 1961 963 provocavit3
1990 925 2043 964 qui

250 1007 371 1038 tamen,
397 1008 490 1038 quum
518 996 557 1026 ad
583 995 735 1024 vinditam
753 995 947 1033 provocatus
976 993 1078 1025 essct,
1099 985 1153 1031 (ob
1170 984 1332 1029 timorem)
1360 988 1521 1017 interram
1538 987 1647 1017 abiens
1663 986 1796 1027 aufugit.
1824 987 1902 1017 'l'um
1918 987 2044 1026 quidam

252 1074 270 1094 e
300 1066 397 1103 gente
426 1059 539 1090 Ohkail
556 1057 740 1087 Haretsitae
761 1054 896 1084 lumbum
918 1052 1039 1093 sagitta
1063 1050 1216 1089 confodit,
1243 1055 1277 1080 ut
1293 1056 1480 1080 moreretur.
1511 1050 1625 1081 Mulier
1640 1061 1657 1080 e
1673 1056 1771 1092 gente
1788 1045 2042 1080 Banu-l'Harets

253 1124 370 1164 (fugae
385 1120 528 1151 Ahbbasi
546 1117 708 1157 alludens)
737 1118 828 1147 dixit:
863 1115 944 1146 »Dei
972 1114 1163 1154 promissum
1189 1123 1300 1143 verum
1328 1122 1404 1143 esse
1432 1118 1536 1143 testor
1555 1118 1587 1143 et
1602 1113 1788 1143 Ahbbasum
1805 1106 1943 1159 timidum
1970 1120 2047 1142 esse

253 1190 377 1216 testor«
408 1193 488 1222 qnae
517 1182 617 1211 verba
643 1181 672 1209 in
701 1179 901 1218 proverbium
927 1187 1059 1206 venere.
1087 1178 1162 1206 Mos
1190 1181 1260 1206 erat
1290 1176 1373 1215 apud
1400 1181 1530 1217 gentem
1558 1175 1841 1217 Banu-l‘Harits,
1879 1176 2046 1205 mulierem

254 1248 314 1277 sibi
349 1250 522 1286 praesente
559 1243 663 1275 timido
700 1243 815 1272 faciem
849 1242 923 1270 velo
959 1250 1021 1270 non
1060 1244 1184 1281 tegere.
1235 1240 1322 1270 Idem
1359 1249 1486 1279 quoque
1519 1240 1549 1269 in
1583 1239 1747 1269 consilium
1784 1247 1886 1277 neque
1913 1237 2048 1268 adhibe-

255 1311 366 1350 batur,
394 1316 497 1346 neque
523 1306 588 1336 ulla
615 1306 684 1335 eius
712 1305 833 1334 ratione
860 1303 986 1340 habita,
1013 1302 1052 1332 ad
1078 1302 1259 1332 convivium
1284 1303 1471 1332 vocabatur.
1507 1303 1668 1340 Tempore
1695 1301 1790 1341 longo
1816 1300 2048 1340 praetermisso

254 1380 334 1413 gens
361 1368 606 1400 Banu-Ohkail
639 1368 678 1398 ad
706 1372 835 1407 gentem
866 1365 1128 1395 Banu-l'Harits
1165 1365 1311 1395 iudicium
1338 1364 1368 1393 in
1405 1374 1439 1394 re
1476 1364 1624 1404 contulit,
1661 1373 1742 1402 quae
1780 1363 1882 1402 pretio
1918 1365 2049 1401 accepto

256 1433 444 1474 sanguinem
473 1431 534 1460 illis
573 1430 706 1460 remisit.
748 1429 930 1459 Ohkailitae
962 1438 1087 1468 quoque
1115 1428 1231 1458 vulnus
1258 1432 1406 1457 sanatum
1434 1432 1513 1457 erat.
1555 1428 1714 1466 Tempore
1745 1423 1840 1467 post}
1867 1436 1961 1465 quum
1989 1425 2051 1455 ho-

256 1495 357 1524 mines
385 1494 469 1523 illius
497 1493 541 1521 rei
569 1492 655 1521 obliti
670 1496 792 1531 essent,
822 1490 944 1529 accidit,
974 1493 1008 1519 ut
1027 1489 1252 1519 adolescentes
1273 1490 1380 1530 gentis
1400 1484 1646 1519 Banu-l'llarits
1674 1490 1712 1519 ob
1739 1489 1855 1530 agendi
1883 1489 2051 1527 rationem,

256 1566 318 1595 qua
346 1555 528 1585 Ohkailitae
556 1564 635 1594 erga
663 1563 720 1582 eos
748 1553 797 1582 usi
825 1557 949 1593 essent,
977 1553 1178 1582 contumeliis
1208 1552 1431 1582 adficerentur.
1469 1552 1555 1581 Inter
1594 1560 1651 1581 eos
1689 1551 1751 1581 duo
1789 1551 1924 1581 iuvenes
1960 1550 2050 1580 bonis

259 1617 476 1654 abundantes,
515 1616 651 1646 amicitia
678 1614 835 1644 coniuncti
863 1618 952 1643 erant
981 1613 1079 1653 Ahlijj
1108 1615 1136 1643 b.
1164 1615 1310 1654 Djohdob
1339 1615 1367 1643 h.
1397 1614 1502 1654 Ohtajj
1533 1619 1565 1644 et
1592 1614 1725 1653 Djalifar
1760 1614 1788 1643 b.
1818 1613 1964 1655 Ohlbah,
2000 1614 2052 1652 qui

259 1679 473 1710 Mobammedi
501 1679 530 1708 b.
559 1678 719 1710 llescliam
756 1677 783 1708 b.
811 1676 940 1705 Ismaihl
975 1676 1002 1705 b.
1032 1676 1195 1705 Ilescham
1229 1677 1258 1705 b.
1288 1676 1426 1706 Alwalid
1466 1677 1494 1706 b.
1522 1676 1731 1717 Almogliirali
1768 1676 1796 1705 b.
1824 1675 2053 1705 Ahbd-Allah

261 1744 288 1774 b.
319 1743 439 1773 Ohmar
466 1742 494 1771 b.
522 1741 692 1770 Machsum
720 1739 815 1769 filiam
841 1739 988 1778 Ohlbahi,
1017 1748 1161 1769 sororem
1189 1739 1331 1778 Djahfari
1357 1740 1385 1768 in
1417 1739 1646 1769 matrimonium
1674 1738 1837 1768 dederant.
1867 1738 2055 1767 Haretsitae

262 1816 356 1845 quum
383 1805 540 1835 nonnullis
569 1804 608 1833 ad
637 1809 765 1844 gentem
790 1803 905 1833 Ohkai!
933 1803 1164 1842 pertinentibus
1188 1807 1404 1838 occurrerent,
1432 1797 1603 1841 Djahfarus
1635 1801 1664 1830 b.
1697 1801 1823 1831 Ohlbah
1853 1800 2057 1839 Ahlijjusque

263 1870 293 1898 b.
322 1868 489 1908 Djohdob,
530 1867 580 1907 qui
618 1869 700 1896 inter
729 1875 784 1895 eos
812 1871 921 1903 erant,
956 1865 1059 1894 virum
1087 1866 1182 1905 igitur
1210 1875 1227 1893 e
1255 1874 1385 1894 numero
1404 1864 1646 1904 Ohkailitarum,
1676 1863 1801 1893 nomine
1832 1863 2058 1893 Choschainah

265 1931 461 1968 oeciderunt,
488 1929 634 1959 Hodsaili
661 1930 690 1958 b.
719 1929 809 1959 Cilab
837 1929 983 1958 tendines
1011 1928 1039 1957 in
1066 1927 1147 1966 pede
1176 1930 1405 1965 percusserunt
1433 1930 1465 1954 et
1490 1925 1582 1954 aliurn
1603 1925 1684 1954 inter
1705 1925 1830 1953 barbam
1856 1924 2056 1963 superiorem

265 2002 437 2032 nasumque
465 1997 552 2021 tanto
580 1991 714 2020 vulnere
731 1991 936 2028 adflixerunt,
966 1997 1000 2021 ut
1018 1999 1117 2019 nasus
1137 1992 1362 2027 amputaretur.
1390 1987 1462 2016 Hoc
1478 1991 1606 2025 peracto
1624 1986 1782 2027 Ohlbaho,
1810 1986 1892 2025 patri
1910 1984 2054 2026 Djahfari

266 2065 332 2085 rem
360 2055 561 2094 nuntiantes,
598 2054 849 2093 interrogarunt,
892 2063 963 2082 num
992 2054 1071 2092 ipsis
1100 2051 1284 2093 fugiendum
1313 2060 1389 2080 esse
1417 2053 1554 2089 putaret.
1592 2050 1647 2078 Ille
1674 2059 1714 2078 ue
1739 2048 1890 2090 fugerent
1917 2048 2059 2078 suadens

265 2118 360 2148 dixit:
389 2126 448 2157 ego
477 2126 631 2156 generum
662 2125 766 2145 meum
796 2115 1054 2144 Mohaunuedem
1081 2115 1108 2144 b.
1138 2113 1300 2143 {lescham
1327 2112 1469 2142 aditurus
1497 2121 1558 2141 vos
1586 2111 1774 2151 defendam,
1820 2121 1859 2140 ne
1887 2111 1959 2141 inde
1987 2110 2060 2151 quid

267 2189 371 2209 noxae
396 2188 457 2208 vos
486 2180 634 2218 attingat.
664 2178 767 2207 Missa
782 2177 878 2217 igitur
893 2177 1027 2216 epistola
1042 2177 1080 2206 ad
1097 2176 1193 2206 filium
1208 2175 1395 2215 Ileschami,
1427 2175 1582 2215 Ahlijjum
1605 2175 1633 2204 b.
1654 2175 1802 2215 Djohdob
1824 2179 1856 2205 et
1873 2175 2061 2215 Djahfarum

266 2242 297 2272 b.
326 2240 450 2271 Ohlbah
467 2240 590 2269 facinus
606 2245 751 2278 patrasse
772 2239 927 2276 scribens,
956 2238 1028 2278 quid
1055 2239 1177 2268 consilii
1203 2238 1348 2276 haberet,
1374 2237 1597 2278 interrogavit.
1628 2238 1679 2268 Ad
1705 2249 1777 2268 eum
1799 2238 1851 2267 ille
1878 2238 2062 2276 rescripsit:

268 2304 323 2333 Me
348 2302 550 2332 defensorem
575 2301 753 2340 habebunt3
781 2301 819 2330 ad
838 2311 888 2330 me
908 2301 1005 2341 igitur
1024 2295 1171 2331 veniant!
1201 2300 1291 2331 Gens
1308 2300 1546 2340 Banu-Ohkail,
1568 2311 1651 2341 quae
1675 2301 1773 2331 filium
1789 2300 1964 2331 Heschami
1991 2310 2063 2330 me-

269 2367 395 2403 tueret,
424 2364 524 2403 ipsum
552 2363 769 2392 lleschamum
799 2363 827 2392 b.
855 2363 1106 2393 Ahbd-Almalic
1132 2363 1218 2405 adiit,
1245 2367 1279 2393 ut
1307 2363 1390 2394 ultor
1424 2366 1525 2402 esset,
1552 2367 1678 2403 petens.
1719 2364 1780 2394 Hie
1816 2363 1913 2403 igitur
1942 2363 2064 2394 litteras

291 2472 319 2499 l)
340 2473 428 2495 Locus
448 2471 519 2494 iuter
539 2470 674 2499 regionem
695 2469 780 2492 lemen
800 2472 823 2492 et
843 2470 1025 2493 Hadhramaut
1043 2470 1120 2496 situs.
1141 2471 1218 2494 Ram.

290 2525 323 2557 2)
345 2525 460 2548 Verbum
488 2517 543 2564 osii
563 2531 578 2547 a
597 2529 663 2547 voce
681 2523 752 2562 ‘'‘f'f-
771 2523 872 2546 seriore
892 2526 1009 2552 tempore
1029 2527 1088 2554 post
1107 2524 1189 2554 ipsam
1215 2531 1269 2548 rem
1297 2525 1446 2550 institutam
1473 2530 1562 2552 ortum
1588 2530 1629 2552 est
1656 2527 1829 2552 vocabulum.
1865 2525 2066 2559 Moahwijahus

343 2576 440 2605 primus
460 2579 528 2605 erat,
548 2574 591 2605 qui
611 2581 664 2600 rem
683 2580 780 2597 cursus
800 2574 899 2604 publici
918 2575 1081 2599 institueret.
1101 2576 1194 2599 conf.
1215 2576 1261 2600 lib.
1281 2583 1313 2600 m.
1333 2577 1440 2601 Selecta
1458 2585 1490 2601 ex
1509 2579 1569 2602 hist.
1588 2578 1682 2602 Halebi
1702 2585 1726 2608 p.
1745 2578 1781 2601 87
1800 2579 1903 2602 adnoto.
