2247 2865
1127 96 1183 119 xix

252 189 323 211 eum
345 182 569 220 composuisse
589 179 680 210 dubio
703 184 800 210 caret.
846 178 939 218 Quod
962 189 1041 220 opus
1065 189 1159 220 quum
1182 180 1223 210 sit
1246 180 1374 210 maximi
1398 181 1557 221 momenti,
1577 181 1604 212 in
1628 183 1709 222 quod
1732 184 1791 214 viri
1809 185 1894 216 docti
1909 187 2046 218 animum

253 233 426 273 intendant,
451 234 668 274 dignissimum
693 238 753 263 est.
798 233 848 263 Ex
873 235 992 274 verbis,
1016 244 1099 275 quae
1122 235 1284 264 timnasne
1307 238 1534 266 commentario
1563 237 1722 276 subcripta
1751 245 1840 280 sunt,
1875 252 1946 272 eum
1969 253 2051 274 anno

253 289 312 319 421
338 290 457 320 obiisse
480 289 633 319 videmus.
687 288 843 318 Mersukii
866 289 1111 319 commentarius
1136 291 1165 319 in
1189 290 1314 328 optimis
1338 290 1501 319 habendus
1525 290 1595 319 sons
1618 291 1758 322 doctrina
1781 295 1946 326 abundans
1971 304 2051 329 erat.

253 353 272 374 e
292 352 353 383 quo
376 343 539 373 'sebrisius
560 342 782 373 adnotationes
807 343 952 373 hauriret.
998 343 1045 372 ne
1069 343 1147 372 locis
1171 343 1394 382 versibusque,
1412 344 1463 383 qni
1487 345 1514 373 in
1540 345 1695 375 Mei-snkii
1712 347 1848 378 editione
1865 350 2052 382 desideran—

254 402 313 435 tur,
337 402 429 427 antea
453 396 592 435 pluribus
615 395 730 426 dictum
754 401 813 426 cst.
857 397 1015 427 Mersukii
1040 396 1209 427 editionem
1235 397 1337 426 multis
1361 398 1388 426 in
1413 399 1490 427 locis
1515 400 1643 431 diverso
1668 403 1793 442 legendi
1824 406 1916 436 modo
1942 417 1959 436 a
1983 409 2052 437 Te-

255 451 341 481 brisii
363 451 497 482 editione
521 451 712 491 discrepare,
736 452 890 481 nemiuem
916 452 1077 481 llatnasac
1101 461 1181 491 opus
1204 452 1362 492 legentem
1388 453 1504 483 latebit.
1548 456 1582 484 111
1608 456 1677 486 1000
1708 468 1737 498 p.
1767 460 1838 489 599.
1868 461 2053 492 Mersnkins

255 514 370 536 versus
392 505 445 535 alii
469 506 602 540 auctori.
625 516 720 545 (piam
755 505 916 535 'rebrisius
947 506 1053 536 tribuit
1085 511 1116 536 et
1139 517 1167 546 p.
1189 506 1259 536 341.
1282 517 1413 537 versum
1445 518 1463 538 a
1488 509 1650 540 Mersukio
1679 511 1707 541 111
1739 516 1860 544 textum
1893 521 2052 555 receptum

254 560 447 597 invenimus,
470 561 559 590 cuius
581 555 745 591 'febris-'ius
759 559 885 590 nonnisi
907 561 938 589 111
953 560 1083 590 scholiis
1101 561 1289 591 mentionem
1314 561 1399 591 fecit.
1444 563 1476 591 111
1498 563 1694 602 praefatione
1709 569 1933 598 commentario
1960 579 2055 609 prac-

253 614 354 644 missa
377 614 416 644 de
439 615 532 645 modo
555 624 594 645 ac
618 616 739 645 ratione
763 615 880 654 poesis,
905 614 945 644 de
970 624 1018 649 eo,
1043 614 1125 654 quod
1150 616 1177 644 in
1202 616 1290 654 poesi
1317 621 1431 654 poetae
1457 621 1586 646 naturae
1610 618 1776 660 indolique‚
1801 622 1886 660 quod
1914 625 1972 653 arti
1997 625 2054 653 tri-

253 668 410 698 buendum
434 672 494 708 sit,
520 669 559 699 de
581 670 686 707 1110110,
710 679 771 709 quo
796 669 1095 699 Abu-'Pammamus
1119 669 1282 699 1131113530
1308 679 1389 709 opus
1412 671 1585 709 collegerit,
1617 672 1656 701 (lo
1687 683 1782 712 prosa
1816 680 1847 704 01
1875 677 1965 715 poesi
1996 687 2055 707 nec

252 722 368 753 nonde
384 725 502 761 causis,
526 733 583 753 cur
603 724 643 754 illi
668 724 747 753 haec
770 723 988 763 postponenda
1011 723 1065 761 sit,
1088 733 1235 753 sermone
1260 724 1438 764 rhythmico
1462 731 1492 755 et
1515 726 1762 757 homoioteleuto
1784 729 1932 760 distincto
1955 732 2055 771 pluri-

253 777 311 807 bus
333 779 403 817 agit
425 782 455 808 et
480 777 614 817 denique
641 778 803 808 llamasae
827 786 942 807 00111011
967 778 1114 816 explicat.
1160 778 1318 807 Versibus
1339 789 1399 818 ope
1421 782 1644 818 grammatices
1667 788 1697 811 et
1725 773 2055 824 lexicographiae'in-

254 832 465 871 terpretandis
487 834 675 871 praesertim
700 841 826 871 operam
851 831 930 861 dans
954 832 1050 861 multa
1072 831 1163 861 laude
1179 832 1297 872 (lignus
1321 838 1378 864 est.
1404 834 1658 865 Commentarius
1672 836 1699 865 in
1723 837 1946 877 interpretandi
1963 841 2056 871 modo

256 892 289 917 et
325 888 417 927 copia
451 896 469 916 a
505 888 608 927 capite
645 886 683 917 ad
720 887 841 917 calcem
873 885 1007 916 eandem
1041 886 1108 916 sere
1137 889 1289 917 rationem
1315 889 1475 926 seqnitur,
1510 894 1543 919 ut
1572 899 1688 920 versus
1721 891 1836 931 finem,
1867 902 2055 933 quamquain

253 946 366 972 auctor
396 942 497 981 priore
537 946 627 981 parte
666 941 719 970 niti
761 944 891 979 posset,
943 938 982 968 ad
1031 949 1145 969 versus
1188 945 1274 970 recte
1318 941 1542 981 intelligendos
1581 945 1786 974 necessariae
1832 945 2056 979 adnotationes

255 997 392 1026 omissae
422 1007 482 1026 non
515 997 587 1026 sint.
643 996 668 1025 Ε
700 996 812 1035 quibus
842 994 979 1025 fontibus
1005 993 1228 1024 adnotationes
1252 995 1386 1024 haustae
1408 996 1489 1033 sint,
1517 1004 1647 1026 auctore
1672 1003 1798 1029 tacente
1821 1005 1852 1029 et
1875 1003 2057 1032 auctoribus

253 1051 284 1080 111
307 1049 560 1080 adnotationibus
596 1050 677 1080 haud
712 1060 811 1089 saepe
833 1049 956 1085 citatiS,
993 1059 1048 1088 pro
1072 1053 1159 1078 certo
1183 1058 1310 1088 semper
1334 1049 1394 1079 dici
1417 1060 1477 1079 uon
1501 1056 1614 1090 potest.
1647 1052 1739 1090 Quos
1760 1059 1867 1084 autern
1891 1065 1967 1094 prae
1988 1058 2057 1087 aliis

253 1108 385 1134 secutus
410 1103 465 1133 suit
487 1104 602 1133 citatos
625 1107 791 1142 auctores,
822 1112 879 1132 eos
904 1102 1003 1132 bonos
1036 1102 1157 1142 fuisse,
1192 1112 1234 1132 ex
1267 1103 1345 1142 ipsis
1377 1107 1591 1136 commentarii
1615 1106 1868 1140 adnotationibus
1901 1110 2057 1142 videmus.

254 1148 339 1186 10101·
364 1157 466 1187 fontes
489 1167 582 1187 001101
606 1158 708 1187 fuisse
732 1160 876 1188 oratione
898 1157 1078 1198 rhythmica
1101 1162 1132 1188 et
1155 1168 1226 1188 cum
1249 1159 1500 1190 homoioteleuto
1525 1161 1735 1198 coniunctum,
1760 1173 1778 1193 e
1800 1164 1940 1203 pluribus
1962 1174 2056 1197 com-

252 1212 394 1242 mentarii
418 1212 498 1242 locis
521 1212 716 1242 concludere
739 1221 924 1252 possumus,

337 1291 463 1326 Codex,
487 1301 549 1332 quo
575 1303 651 1322 usus
675 1302 754 1325 sum.
779 1293 836 1323 Nr.
859 1293 921 1324 569
944 1293 1115 1333 insignitus
1139 1293 1167 1323 iu
1191 1294 1382 1324 bibliotheca
1405 1293 1613 1334 Lugdunensi
1636 1295 1833 1327 Batavorum
1862 1303 2058 1331 asservatur.

255 1345 372 1375 Mense
395 1346 637 1376 Dsul-Kahdah
660 1349 730 1377 anni
753 1347 816 1376 704
839 1346 981 1386 Hedjrae
1005 1357 1024 1378 a
1047 1349 1115 1378 viro
1137 1348 1273 1388 quodam
1298 1350 1441 1380 Aluuede
1464 1350 1492 1379 b.
1516 1351 1722 1381 Mohammed
1747 1352 1775 1382 b.
1798 1354 1903 1384 Jacob
1926 1356 1954 1385 b.
1977 1357 2059 1386 Abi-

253 1397 359 1429 ruadr
382 1400 518 1429 Alhalits
537 1402 689 1431 Alserawi
713 1402 876 1431 absolutus
900 1406 959 1430 est.
1004 1402 1118 1432 Scriba
1141 1403 1249 1433 charta
1267 1403 1374 1442 xylina
1392 1411 1470 1432 usus
1484 1407 1632 1433 octavam
1652 1405 1782 1435 formam
1807 1417 1955 1447 magnam
1980 1411 2058 1441 libro

254 1451 349 1483 dedit.
373 1453 537 1493 Scriptura
561 1455 657 1490 b0na3
689 1455 746 1485 sed
770 1465 887 1485 versus
918 1456 1010 1488 11110111
1035 1458 1136 1488 minus
1161 1457 1295 1502 diligens
1319 1456 1424 1485 multis
1454 1457 1580 1495 punctis
1611 1457 1782 1490 diacriticis
1814 1467 1911 1492 caret.
1956 1463 2059 1495 Unum

252 1511 372 1536 tantum
397 1507 503 1537 folium
526 1508 564 1537 ab
588 1509 648 1538 alia
671 1519 765 1539 manu
789 1512 938 1550 scriptum
963 1511 1115 1542 insertum
1140 1516 1201 1541 est.
1245 1512 1280 1540 111
1310 1511 1451 1550 margine
1475 1512 1590 1541 multae
1618 1514 1750 1552 glossae
1778 1525 1819 1546 ex
1850 1517 2059 1558 Ebu-Djinuii

251 1560 454 1600 'rebrisiique
477 1562 708 1591 commentariis
736 1563 869 1603 aliisque
896 1566 1113 1605 grammaticis
1140 1564 1322 1604 adscriptae
1345 1569 1427 1595 sunt.
1471 1565 1644 1596 Vetustate
1675 1567 1817 1599 codicem
1848 1573 2005 1603 nonnullis
2028 1576 2058 1604 in

254 1613 332 1643 10015
356 1614 475 1644 laesum
499 1624 592 1652 0550,
615 1616 708 1646 valde
737 1616 904 1647 dolendum
935 1623 996 1650 cst.
1046 1618 1138 1648 Beati
1169 1618 1326 1657 weyersi
1356 1619 1555 1659 liberalisque
1587 1621 1655 1650 eius
1681 1625 1881 1654 successoris
1912 1626 2060 1668 benigni-

254 1666 310 1696 tati
333 1666 554 1707 amicitiaeque
575 1668 665 1697 huius
687 1669 804 1699 codicis
830 1680 921 1702 usum
947 1672 1060 1710 debeo,
1084 1682 1144 1712 quo
1167 1673 1193 1701 si
1217 1671 1291 1711 qnid
1316 1677 1380 1702 tum
1407 1673 1436 1702 111
1460 1677 1549 1703 textu
1574 1675 1707 1706 'I'ebrisii
1731 1678 1926 1709 emendando
1949 1686 2013 1711 turn
2030 1682 2059 1712 10

251 1720 477 1749 commentario
494 1720 628 1749 Tebrisii
643 1722 820 1760 supplendo
838 1728 870 1752 ct
893 1724 1074 1754 exornando
1098 1725 1168 1754 boni
1192 1726 1414 1766 praestiterim,
1439 1737 1494 1767 pro
1518 1738 1556 1757 eo
1582 1730 1659 1758 viris
1682 1730 1742 1760 illis
1754 1730 1794 1761 de
1809 1732 1922 1762 litteris
1944 1735 2060 1773 optime

253 1773 372 1802 meritis
394 1775 516 1814 gratias
541 1775 631 1804 unice
653 1777 839 1807 referendas
861 1788 945 1818 esse,
971 1779 1106 1819 ingenue
1129 1780 1240 1810 fateor.

318 1841 356 1870 Et
379 1843 409 1870 in
431 1842 585 1881 Hispania
600 1843 687 1872 viros
704 1843 817 1874 doctos
842 1846 1005 1876 Hamasae
1028 1847 1114 1885 operi
1137 1847 1370 1885 interpretando
1396 1857 1523 1886 operam
1540 1859 1680 1880 navasse
1693 1851 1838 1891 legimus.
1862 1853 1923 1883 Vir
1945 1854 2059 1885 doctus

257 1895 422 1926 Alhal'tths
446 1896 673 1927 Abu—l‘llasau
697 1899 771 1929 Ahli
795 1900 822 1929 b.
847 1901 963 1940 tsinait,
991 1906 1085 1931 notus
1107 1901 1297 1940 cognomine
1320 1901 1493 1932 Ebu-Sida
1518 1903 1723 1943 Murciensis,
1747 1907 1800 1945 qui
1823 1911 1877 1937 aut
1901 1917 1982 1937 anno
1999 1909 2061 1938 458

254 1951 569 1981 3111301104481110111
589 1952 708 1982 obiisse
721 1953 843 1992 dicitur,
870 1954 1033 1984 Hamasae
1058 1964 1139 1994 opus
1159 1964 1220 1985 sex
1244 1956 1464 1992 voluminibus,
1490 1958 1603 1996 quibus
1619 1959 1725 1989 titulus
1742 1965 1791 1990 051
1803 1963 2060 2004 μέγ’-ρδὶῌω,

255 2011 484 2049 interpretatus
507 2016 557 2041 est
579 2011 661 2043 conf.
685 2012 905 2043 Ebu-Challik
928 2014 986 2044 Nr.
1009 2014 1080 2045 460.

336 2078 427 2108 Alter
450 2079 577 2118 quidam
606 2080 810 2119 Alhadjdjadj
834 2081 863 2112 b.
883 2081 985 2111 Jusuf
1006 2081 1034 2112 b.
1058 2081 1221 2112 Solaiman
1252 2082 1397 2113 Alahlam
1427 2084 1675 2125 Alschantamri‚
1704 2088 1754 2127 qui
1777 2088 1816 2118 ab
1840 2087 1955 2128 oppido
1980 2091 2061 2120 His-

252 2132 366 2171 paniae
387 2139 514 2171 'aum
536 2136 693 2174 appellato
715 2144 893 2174 cognomen
915 2139 1100 2175 acceperat,
1123 2140 1154 2166 et.
1174 2146 1256 2166 anno
1279 2137 1339 2167 476
1365 2143 1508 2168 1110110115
1532 2145 1593 2180 est,
1615 2140 1780 2172 Hamasae
1803 2147 2061 2174 commentarium

253 2170 443 2231 conscripsit
467 2194 551 2224 conf.
577 2195 681 2226 Abulf.
704 2197 819 2225 Anna«.
843 2196 880 2226 T.
905 2196 961 2226 111.
983 2206 1013 2236 p.
1034 2197 1107 2226 250.

337 2257 587 2291 Grammaticum
619 2262 849 2294 Abu-l'Ahtam
881 2263 1132 2298 Maahrrensem,
1157 2263 1210 2301 qui
1234 2271 1316 2293 anno
1337 2262 1400 2294 363
1421 2268 1516 2294 natus
1540 2274 1621 2295 anno
1645 2266 1706 2295 4⁴9
1729 2266 1817 2302 obiit,
1841 2267 1871 2296 in
1896 2267 2059 2296 Hamasae

254 2320 351 2350 opere
381 2312 510 2342 multum
541 2312 735 2350 desudasse,
759 2326 801 2346 ex
824 2317 930 2346 verbis
954 2317 985 2346 in
1015 2316 1151 2346 Tebrisii
1180 2319 1407 2348 commentario
1437 2319 1543 2349 citatis
1573 2320 1806 2359 cognoscimus.
1849 2320 2002 2350 Reiskius
2032 2321 2062 2350 in

255 2364 388 2406 prologo
411 2366 452 2396 ad
474 2367 622 2397 Tarafam
644 2378 674 2408 p.
688 2369 778 2401 Vnt.
793 2371 888 2401 dixit:
912 2380 1011 2408 rarus,
1037 2372 1177 2412 inquam,
1201 2377 1233 2402 et
1254 2372 1461 2402 miraculosus
1483 2379 1615 2404 naturae
1639 2374 1756 2413 foetus,
1780 2375 1906 2413 linguae
1927 2383 2008 2405 suae
2031 2380 2063 2404 et

253 2419 448 2459 antiquitatis
471 2422 682 2469 peritissim‘us
705 2424 831 2455 Abuola
858 2425 1009 2465 discipulo
1034 2435 1092 2456 suo
1115 2426 1263 2456 'sebrizio
1286 2426 1316 2456 in
1339 2426 1527 2456 lectionibus
1545 2427 1676 2465 privatis
1694 2427 1873 2457 dictaverat
1895 2435 2062 2458 commen-

254 2474 369 2505 tarium
391 2475 421 2505 in
443 2478 603 2515 proprium
636 2485 729 2507 suum
761 2478 874 2509 Sekd
896 2484 928 2509 et
950 2479 980 2509 in
1011 2480 1185 2510 Hamasam
1211 2484 1242 2510 et
1264 2480 1379 2510 multos
1409 2481 1491 2510 alios
1519 2485 1644 2510 vates.u
1687 2481 1803 2520 Neque
1825 2481 1856 2510 in
1879 2482 1944 2511 vita
1969 2482 2062 2511 Abu-

252 2525 378 2558 l’Ablae
400 2529 483 2568 apud
508 2529 729 2561 Challikanum
754 2531 813 2561 Nr.
836 2532 884 2563 46.
907 2542 1010 2572 neque
1033 2533 1063 2562 in
1087 2533 1154 2562 vita
1176 2533 1309 2563 'l'ebrisii
1331 2533 1415 2572 apud
1438 2533 1571 2563 eundem
1600 2538 1764 2564 auctorem
1792 2534 1848 2564 Nr.
1871 2534 1943 2564 810.
1971 2543 2062 2564 com-

255 2584 395 2614 mentarii
417 2584 457 2615 ab
481 2585 680 2616 Abu-l'Ahla
701 2587 808 2626 scripti
833 2591 886 2617 aut
909 2588 1138 2623 commentarii,
1161 2596 1255 2627 quem
1279 2587 1433 2626 discipulo
1457 2586 1601 2618 Tebrisio
1624 2585 1803 2626 dictaverit,
1828 2588 1943 2617 mentio
1968 2595 2063 2627 quum
