2247 2865
936 100 1209 132 —241—

176 213 326 252 opposita
353 208 452 240 accidi
479 207 606 247 saporis
633 203 844 236 conditionem
870 201 1053 242 significare
1080 203 1209 240 potest,
1239 203 1273 229 ut
1300 197 1430 228 aliorum
1447 196 1530 227 filios
1552 205 1625 227 cum
1646 197 1737 227 acido
1766 198 1851 228 lacte
1878 206 1967 229 com—

178 282 313 314 parasse
339 271 497 302 videatur.
526 270 618 300 Alter
643 276 768 308 quoque
797 266 923 307 legendi
948 264 1032 311 ³5⁸5>
1059 264 1208 295 fervor
1236 263 1348 294 modus
1376 263 1406 293 in
1436 261 1580 301 margine
1609 261 1767 290 Mersukii
1793 261 1967 291 adnotatus

179 336 347 374 reperitur.
375 333 466 364 Haec
493 340 559 362 vox
585 329 675 361 alteri
701 325 787 375 „buit
815 328 964 367 opposita
991 331 1050 358 cst.
1079 328 1113 357 In
1139 326 1273 366 scholio,
1301 326 1330 355 ni
1357 324 1461 364 failor,
1488 323 1626 353 vocibus
1644 312 1725 363 ,[ὲὶ
1751 313 1841 356 ῥὶὶὲῖ
1861 324 1967 364 signi-

181 396 288 427 ficatio
315 394 454 425 mellis
483 393 642 433 tribuitur,
670 401 731 422 nec
757 400 837 421 vcro
864 390 985 430 dubito,
1019 392 1094 430 quin
1121 389 1231 420 iisdem
1259 393 1314 418 aut
1341 387 1432 417 lactis
1460 386 1563 416 dulcis
1590 390 1646 415 aut
1673 385 1738 414 vini
1768 385 1968 424 dactylorum

181 456 372 499 significatio
400 464 476 486 esse
495 454 611 494 possit.
638 454 756 484 Verbis
773 446 885 490 spu-‚kall
904 449 990 500 ,ὺῳῑ
1019 461 1124 492 aqua
1149 451 1308 493 frigida
1335 451 1499 490 dulcis,
1528 460 1610 491 quae
1628 452 1778 490 opposita
1795 455 1845 480 est
1861 450 1969 480 salsae

183 527 384 559 amaraque,
412 516 618 558 significatur.
646 515 792 556 Utraque
820 525 872 546 res
904 515 1049 546 omnibus
1077 520 1172 557 grata
1199 519 1261 545 est.

182 604 214 634 3.
237 602 335 633 Nobis
357 611 454 631 rmum
477 604 546 631 eius
567 601 653 630 Intus
670 600 769 640 facile
790 603 839 629 est
859 603 890 629 et
910 600 1045 629 alterum
1061 600 1155 635 lalus,
1174 609 1271 638 quum
1284 600 1390 628 hostes
1407 608 1477 628 eum
1491 602 1613 636 petunt,
1627 598 1830 640 prohib-ilum,
1845 598 1969 626 durum.

280 659 347 690 Sed
375 669 415 689 ne
441 659 510 698 quis
538 667 609 688 eum
638 657 773 687 debilem
795 661 828 687 et
847 657 929 688 hanc
944 657 984 687 ob
1001 665 1132 687 causam
1151 665 1230 697 erga
1248 664 1356 686 omnes
1371 656 1487 685 bonum
1505 663 1593 693 esse,
1621 659 1724 695 putet,
1745 648 1816 692 (11.
1839 646 1970 692 135.)

182 722 276 753 talem
302 731 375 752 eum
403 721 566 760 describit,
593 720 647 760 qni
673 730 735 750 non
761 719 897 750 eundem
933 728 970 750 se
1003 719 1156 759 praebeat
1183 718 1292 748 amicis
1319 717 1527 756 inimicisque.
1561 716 1636 746 Nou
1663 716 1798 746 eundem
1825 717 1972 757 loquendi

183 783 306 814 modum
330 787 362 815 in
389 785 568 825 posteriore
592 792 710 814 versus
740 788 832 823 parte
860 792 953 823 quam
980 785 1011 813 in
1038 783 1144 822 priore
1170 782 1301 812 retinuit
1328 785 1436 820 poeta,
1463 779 1629 810 dicendum
1648 780 1728 810 enim
1757 780 1816 810 fuit
1835 777 1971 821 alos-{425

182 846 255 893 ⁸9⁸³)
271 845 310 877 ld}
326 851 378 875 &Aa
395 846 516 886 aab.
542 847 654 877 Voces
673 852 757 878 w>
784 851 818 876 et
844 851 946 883 Q>
973 845 1012 875 de
1039 845 1108 876 loco
1136 853 1272 875 arenoso
1290 848 1322 874 et
1336 843 1420 874 molli
1434 844 1465 874 in
1479 843 1615 873 hominis
1637 847 1780 873 naturam
1798 844 1974 874 translatae

184 913 258 940 sunt
284 909 402 948 (conf.
430 909 535 940 Harir.
558 907 663 949 μθ).
701 909 799 939 Verbi
826 908 969 939 secunda
1003 907 1105 938 forma
1138 907 1169 936 in
1203 907 1374 947 proverbio
1402 906 1597 945 (Meidan.
1627 905 1665 936 C.
1695 905 1729 947 8,
1762 905 1837 944 11.)
1867 906 1975 936 »Ante

184 978 311 1003 noctem
338 973 428 1003 lateri
442 978 496 1003 tuo
512 973 616 1003 locum
635 972 778 1002 cubando
792 972 920 1002 mollem
939 968 1056 1010 paral«
1087 970 1232 1000 occurrit.
1261 968 1359 1000 Simili
1375 978 1437 1008 quo
1453 969 1483 998 in
1497 977 1597 997 versu
1615 967 1708 997 modo
1725 956 1836 1007 5.»le
1852 964 1911 1013 σύ
1933 971 1976 1008 ,³

186 1040 220 1065 et
232 1022 343 1070 uui&
356 1037 517 1075 &My
528 1034 646 1064 dicunt.
674 1034 802 1064 Lateris
816 1036 848 1064 in
862 1032 1020 1072 loquendo
1037 1032 1229 1062 mentionem
1243 1031 1377 1072 faciunt,
1393 1030 1478 1071 quod
1494 1041 1512 1060 a
1525 1031 1625 1060 latere
1644 1030 1770 1061 hostem
1786 1031 1924 1070 petimus
1943 1035 1977 1061 et

187 1097 290 1127 hostis
299 1098 382 1128 latus
391 1106 484 1128 suum
493 1101 601 1128 contra
610 1106 670 1127 nos
679 1096 829 1128 defendit.
847 1097 1036 1126 Mersukius
1047 1095 1224 1134 adnotavit,
1237 1094 1302 1135 legi
1317 1102 1442 1132 quoque
1452 1104 1543 1131 ,μω
1554 1091 1648 1133 Kalaa,
1660 1093 1743 1132 quod
1754 1094 1856 1123 minus
1868 1094 1975 1133 probo.

186 1182 219 1211 4.
242 1182 281 1211 In
304 1182 480 1211 actionibus
497 1184 662 1219 ymerosis
686 1183 853 1211 alacritate
875 1186 1030 1219 moi-emt,
1061 1180 1319 1221 quemadmodum
1341 1188 1451 1207 ramus
1472 1178 1575 1206 mollis
1596 1181 1684 1206 rento
1707 1178 1808 1206 calido
1831 1182 1979 1207 mot-elur.

286 1251 431 1281 'seueros
459 1252 553 1281 animi
578 1251 723 1282 adfectus
752 1252 783 1281 in
811 1252 882 1281 viro
909 1251 1132 1290 descripturus
1163 1259 1233 1279 cum
1260 1258 1332 1279 cum
1361 1257 1446 1277 raino
1476 1252 1598 1288 tenero,
1626 1247 1678 1286 qui
1704 1246 1767 1276 leni
1788 1253 1887 1277 vento
1908 1257 1979 1277 mo-

190 1318 296 1352 vetur,
324 1319 495 1353 comparat.
523 1313 565 1343 Ut
596 1314 647 1343 ille
676 1324 782 1344 ramus
810 1315 872 1345 leni
899 1320 998 1344 vento
1026 1315 1134 1345 statim
1163 1317 1324 1352 movetur,
1352 1311 1399 1341 sie
1425 1311 1496 1351 vir,
1524 1320 1619 1349 quum
1647 1311 1853 1351 generositas
1881 1320 1980 1340 exer-

191 1375 294 1406 cenda
319 1381 382 1416 est,
410 1376 575 1406 alacritate
603 1382 782 1407 commotus
809 1377 849 1407 ad
878 1387 959 1416 opus
987 1377 1166 1407 faciendum
1194 1374 1332 1405 accedit.
1360 1374 1435 1404 Vox
1452 1376 1503 1420 ΒΕ)
1522 1373 1648 1412 proprie
1669 1377 1789 1402 motum
1806 1372 1980 1413 designans

191 1437 221 1467 in
249 1436 441 1467 alacritatem
467 1442 501 1466 et
528 1442 647 1468 motum
674 1439 768 1468 animi
795 1438 1003 1480 transfertur,
1031 1448 1091 1479 quo
1118 1439 1209 1468 homo
1239 1437 1354 1467 tremit.
1391 1436 1500 1465 Talem
1528 1439 1648 1465 motum
1678 1434 1851 1475 significari
1881 1444 1921 1465 ex
1943 1443 1982 1464 eo

192 1498 309 1539 elucet(⁸
337 1500 420 1539 quod
448 1509 514 1530 cum
544 1506 632 1530 motu
659 1504 760 1531 teneri
788 1503 865 1531 rami
892 1507 1107 1541 comparatur,
1134 1510 1234 1541 super
1246 1509 1340 1539 quem
1362 1498 1482 1528 calidus
1506 1503 1625 1527 ventus
1642 1498 1766 1527 transit.
1795 1498 1869 1527 Vox
1884 1494 1981 1549 effi-ll

193 1566 326 1591 ventum
353 1561 487 1591 calidum
515 1562 682 1603 designat7
721 1563 773 1602 qui
802 1568 946 1602 tempore
974 1563 1108 1593 aestatis
1136 1572 1152 1592 e
1180 1562 1313 1603 regione
1344 1561 1480 1590 Arabiae
1510 1560 1612 1589 felicis
1639 1559 1706 1593 slat.
1746 1561 1873 1590 Nomen
1897 1559 1984 1590 venti

194 1623 372 1653 derivatum
398 1623 506 1654 dicunt
534 1635 552 1654 a
577 1634 660 1655 voce
689 1637 772 1677 εἰς,
800 1635 863 1665 qua
890 1636 943 1656 res
969 1626 1094 1667 graviS‚
1123 1624 1306 1656 admiranda
1335 1623 1546 1664 significatur.
1575 1622 1629 1652 Sic
1649 1623 1679 1652 in
1701 1623 1870 1662 proverbio
1886 1621 1983 1652 Meid.

193 1686 231 1716 C.
259 1686 292 1725 2,
313 1686 370 1716 70.
401 1686 450 1717 »0
477 1686 541 1717 filia
567 1686 726 1718 infortunii
754 1688 970 1728 (calamitas),
997 1689 1112 1718 malum
1127 1693 1212 1720 tuum
1229 1698 1328 1728 super
1345 1688 1449 1726 capite
1465 1690 1518 1716 tuo
1539 1682 1622 1716 sith(
1653 1685 1873 1716 Abu-Ililalus
1893 1684 1984 1726 dixit,

193 1757 306 1777 vocem
331 1757 372 1778 ex
398 1748 530 1778 Persico
557 1759 613 1792 εἰς.)
643 1755 741 1780 ortam
759 1752 790 1780 in
811 1750 950 1791 linguam
965 1751 1137 1780 Arabicam
1158 1750 1339 1780 translatam
1359 1759 1446 1778 esse.
1475 1749 1562 1778 Dixit
1576 1753 1688 1787 poeta:
1716 1746 1986 1787 (inetr.'1'hawi1)

198 1809 361 1840 »Salina
388 1810 560 1851 (mulier),
589 1821 660 1850 per
687 1811 834 1850 Deum,
864 1821 932 1842 res
959 1811 1302 1851 pretiosissima,
1338 1811 1409 1840 sed
1436 1810 1573 1840 malum
1602 1819 1685 1838 eam
1714 1809 1750 1838 in
1775 1808 1987 1838 matrimo-

197 1871 308 1901 nium
343 1871 516 1903 ducenti
551 1879 635 1913 est3
673 1878 715 1903 et
752 1883 871 1913 quum
908 1874 1118 1904 vidissem
1155 1874 1422 1913 parthenium
1448 1872 1585 1901 flores
1613 1871 1818 1900 emittens
1846 1874 1885 1899 et
1911 1879 1988 1899 non

199 1934 404 1965 vidissem
432 1937 622 1966 arborem
648 1937 825 1967 Tannum
852 1937 990 1968 domus
1019 1946 1129 1966 meae
1157 1937 1332 1966 memini.
1371 1935 1481 1964 nosce
1510 1943 1628 1963 versus
1656 1935 1727 1971 vir,
1763 1933 1814 1972 qui
1841 1932 1989 1962 feminam

199 1997 364 2036 pulchram
391 1997 531 2039 quidem,
559 1998 619 2028 sed
645 2008 742 2029 canos
770 2002 875 2029 crines
904 1999 1073 2029 habentem
1100 2001 1131 2028 in
1158 1997 1385 2028 matrimonium
1412 1995 1569 2036 duxerat,
1597 1994 1687 2027 dixit.
1727 1994 1849 2024 Habuit
1883 1998 1990 2023 autem

199 2063 328 2098 praeter
365 2058 450 2089 illam
488 2069 622 2089 uxorem
657 2060 836 2091 iuvencam.
875 2061 979 2099 Dixit,
1017 2069 1112 2099 quum
1148 2060 1266 2090 crinem
1303 2067 1414 2088 canum
1451 2058 1520 2087 eius
1557 2057 1692 2086 similem
1728 2056 1800 2086 flori
1836 2055 1991 2095 parthenii

198 2118 354 2149 vidissem
383 2124 416 2149 et
441 2129 503 2150 non
529 2120 687 2151 vidissem
713 2122 859 2153 arborem
888 2123 1049 2161 Tannum,
1086 2130 1148 2160 qua
1175 2122 1293 2151 crinem
1321 2121 1444 2161 nigrum
1472 2119 1658 2161 significare
1686 2120 1768 2159 vult,
1797 2122 1915 2159 quippe
1943 2118 1991 2147 cui

199 2180 305 2211 arbori
328 2180 462 2221 nigredo
482 2181 645 2211 tribuatur.
675 2176 818 2212 Tannum
845 2192 921 2213 esse
949 2183 1114 2213 cannabini
1140 2183 1280 2222 plantam
1306 2184 1358 2214 alii
1387 2184 1503 2213 dicunt.
1532 2184 1578 2213 Se
1605 2183 1731 2213 domum
1759 2193 1851 2213 suam
1880 2191 1991 2212 recor-

200 2243 270 2273 dari
291 2243 374 2284 dicit,
403 2243 486 2283 quod
505 2246 537 2273 in
561 2253 600 2274 ea
629 2254 710 2275 uxor
737 2248 875 2276 iuvenca
902 2246 954 2275 sit.
996 2246 1092 2276 Venti
1119 2245 1192 2297 C)l÷
1219 2245 1280 2275 hoc
1306 2246 1336 2274 in
1363 2255 1462 2275 versu
1492 2246 1683 2275 mentionem
1711 2244 1796 2282 fecit,
1824 2248 1993 2283 propterea

202 2304 286 2344 quod
312 2310 439 2336 aestate
465 2305 535 2345 flat,
563 2315 623 2345 quo
650 2311 791 2347 tempore
815 2318 923 2338 ramus
949 2308 1054 2339 denuo
1080 2316 1220 2339 nascens
1245 2308 1384 2338 tenerior
1413 2311 1463 2338 est
1489 2316 1581 2346 quam
1609 2306 1722 2336 hieme.

959 2390 1165 2424 ΙΑΧΧῙἸ
1173 2391 1240 2424 ΙΙ.

847 2442 990 2478 Alius
1013 2443 1216 2486 quidam
1239 2443 1378 2478 dixit.

204 2497 300 2536 Sunt,
312 2500 364 2537 qui
375 2508 492 2528 versus
503 2499 798 2531 Ahbd-Alzamado
810 2501 841 2533 b.
850 2501 1129 2548 Almoahdsdsal¹)
1141 2509 1196 2536 aut
1207 2505 1349 2534 Hosaino
1359 2503 1389 2532 b.
1402 2501 1541 2532 Mothair
1555 2500 1655 2539 (conf.
1666 2499 1834 2539 Hamffil'o)
1847 2500 1994 2531 tribuant.

228 2581 260 2612 1)
280 2582 360 2605 Poeta
378 2583 494 2607 disertus
513 2588 630 2615 tempore
650 2585 861 2609 Ahbbasidarum
873 2603 879 2614 ,
905 2592 1057 2618 cognomen
1077 2588 1269 2612 Abu-l’Kasem
1294 2593 1408 2617 gerens,
1427 2589 1510 2609 matre
1529 2592 1607 2609 serva
1627 2586 1745 2610 Alsarka
1764 2586 1901 2616 appellata
1919 2590 1997 2610 utens

1743 2634 1785 2665 31
