2247 2865
927 78 1194 108 -651-

155 187 307 226 (donum)
335 184 479 214 habebat.
538 181 664 211 Incolae
702 179 851 210 Medione
887 187 997 208 meuse
1030 176 1212 206 Moliurrem
1247 175 1275 205 id
1313 176 1512 214 accipiebant
1547 176 1672 211 (cons.
1710 176 1934 206 Elin-Chullik.

152 250 214 281 No.
243 248 324 278 574.
360 256 389 286 p.
417 246 474 276 94.
504 254 575 284 sup.
605 243 653 274 etl.
683 241 875 277 Wustens.).
930 241 969 271 Et
998 241 1101 280 poetis
1131 239 1322 278 stipendium
1359 239 1466 269 datum
1503 244 1580 269 erat.
1639 239 1796 278 Alaghlub
1833 238 1935 277 ldjlitu

154 310 249 341 2500
276 309 434 340 dirhemos
463 307 607 346 accepit5
647 305 705 335 sed
742 309 852 343 postea
889 303 1053 343 quingenti
1088 303 1116 331 ei
1147 300 1281 331 detracti
1310 300 1448 338 Lebido,
1484 300 1535 339 qui
1572 304 1644 340 post
1680 300 1782 329 lslumi
1811 306 1936 338 tempus

154 381 268 402 versus
296 370 378 401 haud
405 374 632 410 composuerat
667 371 698 398 et
724 366 784 396 duo
821 365 915 395 millia
942 365 1155 395 dirhemorum
1185 364 1344 403 stipendio
1372 367 1561 403 acceperat,
1600 362 1804 392 addebantur.
1848 361 1937 391 Cha-

154 433 225 463 lifas
253 433 282 462 in
309 433 406 473 Syria
431 433 592 470 viventes,
619 430 744 470 quoties
760 429 788 458 in
814 427 951 459 defuncti
972 429 1135 468 imperium
1156 437 1294 467 sequens
1315 426 1516 464 succederet,
1544 426 1638 456 toties
1657 425 1767 455 decem
1789 424 1938 454 dii-hemis

161 493 349 534 stipendium
377 494 510 523 auxisse
535 491 633 522 Meid.
667 491 720 531 18,
750 489 807 523 38.
834 489 969 530 legimus
1033 490 1232 528 Stipendium
1260 495 1366 520 autem
1403 490 1432 519 in
1464 489 1601 519 diversis
1636 489 1728 518 terris
1762 496 1818 527 pro
1856 492 1938 516 tem-

156 565 263 595 porum
297 560 327 585 et
361 563 563 595 personarum
590 553 710 583 ratione
737 552 862 582 varium
898 551 1018 592 fuisse,
1054 560 1116 580 non
1149 557 1212 591 est,
1250 551 1331 591 quod
1367 551 1556 580 dubitemus
1619 549 1771 590 Singulas
1800 548 1938 578 Arabum

153 622 267 657 gentes
295 628 313 648 a
336 616 468 648 Chulifis
495 615 686 656 stipendium
714 615 879 654 accepisse
907 619 1029 644 certum
1057 618 1118 644 est.
1174 613 1271 644 Genti
1299 612 1455 643 Kodhaah
1483 622 1499 642 a
1528 611 1653 642 Chalifa
1679 609 1939 641 Ahbd-Almalec

154 679 343 719 stipendium
371 687 559 708 concessum
587 682 656 707 erat
683 677 775 706 llam.
805 687 833 716 p.
859 679 920 707 rw.
974 677 1034 707 Rei
1061 682 1168 707 autem
1194 679 1317 706 ratione
1345 675 1502 715 modoque
1525 679 1639 713 postea
1665 678 1797 713 mutato,
1828 681 1939 701 nomen

156 739 278 780 cst—4122!
308 742 435 780 antiquo
463 746 606 780 tempore
634 745 737 770 ortum
764 740 919 770 manebat.
972 740 1073 770 Poeta
1100 744 1226 780 noster,
1265 742 1297 769 ut
1324 738 1452 768 militem
1489 736 1614 776 laudet,
1650 735 1702 774 qui
1731 744 1786 774 pro
1813 734 1882 773 ipso
1910 735 1939 762 in

154 805 268 835 bellum
297 803 462 844 profectus
490 803 553 843 sit,
582 812 652 833 eum
678 813 830 838 W
855 802 1013 841 appellat,
1039 810 1102 841 quo
1128 801 1252 831 nomine
1280 803 1308 830 is
1336 799 1533 839 appellatur,
1561 798 1612 838 qni
1640 797 1723 826 nullo
1751 797 1859 826 timore
1888 805 1941 825 re-

157 874 264 898 tentus
290 866 401 897 mortis
430 865 570 905 periculo
597 875 633 896 se
660 866 801 905 exponit.
855 865 1050 904 Quamquam
1074 865 1103 894 in
1132 866 1281 894 accurata
1307 862 1398 892 vocis
1413 849 1489 889 tsi-⁸³5
1505 859 1737 901 significatione
1765 857 1941 887 definienda

158 929 371 971 lexicographi
398 939 459 958 non
489 929 712 968 consentiunt,
747 933 851 959 tamen
887 938 904 957 e
941 932 1052 958 nostro
1080 935 1176 956 versu
1205 930 1238 955 et
1263 934 1304 954 ex
1332 924 1402 953 loco
1428 923 1538 952 Ham.
1568 932 1596 961 p.
1624 920 1686 951 1²1²?
1710 930 1741 950 v.
1771 919 1803 949 2.
1833 927 1942 948 vocem

158 991 240 1022 laudi
268 999 340 1020 esse
365 990 524 1020 videmus.
585 990 654 1020 noc
687 990 717 1020 in
753 998 855 1019 versu
885 989 1020 1019 alacrem
1047 993 1081 1018 et
1106 988 1135 1017 in
1162 987 1256 1017 rebus
1285 985 1419 1027 agendis
1446 984 1527 1014 haud
1555 986 1755 1013 cunctantem
1782 981 1940 1022 designat.

159 1055 192 1083 ln
222 1053 329 1083 verbis
362 1058 469 1083 autem
504 1052 672 1083 traditione
707 1052 747 1082 ad
781 1062 839 1082 nos
873 1052 987 1082 delatis
1027 1060 1098 1080 eum
1135 1048 1298 1090 designari
1325 1048 1448 1086 volunt,
1489 1047 1539 1076 cui
1568 1054 1671 1085 neque
1697 1044 1814 1074 familia
1840 1052 1944 1082 neque

157 1122 234 1152 opes
261 1113 333 1142 sint.
388 1112 479 1143 Haec
507 1116 554 1143 est
581 1122 688 1153 causa,
716 1123 773 1143 cur
799 1113 989 1143 scholiastes
1017 1111 1056 1142 ad
1082 1112 1187 1141 locum
1215 1111 1322 1140 Ham.
1350 1120 1379 1149 p.
1395 1108 1458 1139 ἣν·
1484 1119 1515 1138 ν.
1534 1108 1565 1137 ’2.
1593 1107 1664 1136 voci
1691 1095 1767 1134 &35
1795 1103 1942 1134 condi-

160 1173 289 1201 tionis
318 1176 359 1200 et
385 1176 529 1201 status
556 1172 820 1213 significationem
837 1175 1012 1215 tribueret;
1039 1174 1098 1204 sed
1118 1184 1191 1203 num
1219 1175 1288 1203 iure
1316 1171 1440 1211 fecerit,
1468 1171 1587 1208 dubito,
1616 1179 1686 1199 nam
1716 1177 1787 1198 cum
1816 1166 1943 1206 propria

161 1235 250 1263 vocis
277 1232 512 1274 significatione
540 1242 670 1273 sensuS,
697 1233 749 1272 qui
775 1236 805 1263 in
833 1235 940 1264 verbis
969 1235 1146 1265 traditionis
1174 1235 1344 1273 invenitur,
1373 1231 1522 1271 coniungi
1549 1235 1665 1270 potest.
1720 1230 1854 1268 Virum,
1894 1230 1945 1267 qui

160 1298 230 1327 loco
258 1301 373 1335 poetae
399 1296 430 1325 in
457 1296 572 1325 bellum
601 1295 765 1335 profectus
792 1297 844 1337 sit,
872 1297 1066 1327 scholiastes
1094 1297 1302 1327 lliththanum
1332 1296 1358 1325 b.
1378 1294 1499 1325 Chofaf
1513 1299 1575 1331 etc,
1604 1286 1945 1332 quiAldjowairijae1)

162 1365 251 1399 pater
278 1359 331 1398 sit,
358 1368 434 1388 esse
461 1358 544 1388 dicit.
597 1358 714 1388 Sensui
743 1358 911 1388 verborum
942 1359 1056 1388 similia
1084 1359 1296 1393 inveniuntur,
1325 1359 1386 1387 etsi
1413 1356 1471 1386 ioci
1499 1365 1599 1386 causa
1625 1354 1707 1384 dicta
1733 1357 1819 1393 sunt,
1846 1352 1946 1382 verba

163 1426 278 1460 poetae
304 1418 410 1462 (metr.
439 1416 585 1462 Rasum:
626 1420 715 1460 Ego
743 1419 788 1449 ad
815 1418 1000 1449 Rauhum
1028 1420 1253 1461 confugio,
1291 1429 1336 1448 ne
1364 1419 1402 1448 in
1429 1427 1603 1458 pugnam
1632 1426 1689 1446 me
1721 1418 1873 1453 mittat,
1905 1418 1947 1443 ut

164 1492 236 1522 per
263 1491 321 1510 mc
348 1491 454 1522 gens
484 1480 736 1511 Banu-Asad
773 1481 928 1511 infelix
963 1483 1025 1512 sit.
1072 1482 1433 1519 Almohallebus2)
1462 1479 1613 1510 mortis
1642 1485 1822 1508 amorem
1850 1475 1944 1505 hae-

167 1543 353 1573 reditate
387 1543 514 1572 vobis
554 1543 748 1583 reliquit3
787 1553 866 1584 ego
901 1554 1000 1574 vero
1037 1544 1331 1575 fortitudinem
1358 1546 1396 1573 in
1424 1542 1536 1572 bello
1564 1540 1842 1571 haereditate
1869 1546 1947 1567 non

166 1609 324 1646 accepi.
377 1606 569 1636 Hostium
597 1607 967 1646 propinquitatem
995 1605 1043 1635 ad
1071 1615 1144 1635 eas
1173 1615 1239 1635 res
1267 1605 1486 1644 pertinere
1516 1603 1698 1642 scimus,
1734 1609 1834 1640 quae
1862 1608 1947 1629 cor-

164 1677 238 1706 pus
263 1668 305 1696 ab
332 1669 464 1697 anima
498 1673 724 1706 separant«
755 1674 788 1697 et
815 1668 896 1697 alius
924 1672 1039 1706 poetae
1067 1668 1165 1697 verba
1192 1670 1301 1705 (metr.
1332 1665 1476 1703 Bas-itio:
1513 1663 1644 1695 Hinda
1678 1662 1817 1692 noctis
1854 1664 1948 1690 tem-

165 1737 263 1765 pore
290 1728 334 1758 ad
361 1728 655 1760 fortitudinem
684 1739 744 1759 me
771 1730 1030 1770 instigavit,
1064 1730 1153 1759 dum
1191 1739 1276 1758 cum
1314 1728 1583 1758 strenuitate
1608 1725 1829 1754 interitum
1858 1731 1948 1751 con-

167 1786 347 1818 iunctum
375 1799 472 1820 esse
498 1796 689 1821 noverat.
741 1792 925 1821 Mersukius
954 1792 1026 1822 huic
1053 1792 1162 1821 versui
1190 1792 1324 1821 alterum
1351 1790 1436 1820 addit
1456 1795 1660 1830 sequentem:
1688 1781 1797 1827 &Lx-'¹5
1814 1783 1948 1819 §Mu

167 1849 664 1898 qusJQ-OEMQ-‚Liffl
692 1852 717 1882 la·
742 1852 769 1883 &J
797 1844 929 1903 ἲζ-ᾗῄ-,ς-ἐῖ
958 1865 1022 1905 5>
1053 1854 1102 1885 »O
1130 1850 1281 1884 Hinda!
1310 1864 1379 1893 per
1406 1863 1494 1883 eum
1521 1853 1632 1889 iuro,
1659 1851 1784 1880 cuius
1811 1848 1948 1878 causa

169 1914 504 1954 peregrinantes
544 1915 730 1946 Meccam
766 1917 1140 1956 proficiscuntur,
1178 1926 1229 1945 ex
1267 1925 1353 1945 mea
1391 1913 1618 1944 sententia
1653 1912 1707 1949 is,
1747 1910 1815 1940 cui
1853 1909 1949 1938 boni

167 1985 298 2006 mores
337 1982 449 2009 sunt.
491 1983 659 2006 mortem
700 1986 780 2007 non
819 1980 939 2018 cupita.
1005 1977 1125 2008 Eodem
1153 1982 1251 2007 metro
1283 1982 1376 2006 utens
1415 1976 1494 2006 alius
1527 1975 1626 2007 dixit:
1679 1973 1759 2003 »Ad
1801 1972 1949 2002 bellum

169 2038 355 2069 homiues
382 2039 594 2069 destinati
622 2045 738 2080 sunt,
767 2050 939 2079 quorum
968 2041 1073 2070 viam
1101 2040 1206 2070 Deus
1235 2038 1370 2069 errori
1395 2038 1616 2067 obnoxiam
1645 2034 1846 2073 reddidit,
1873 2033 1948 2072 qui,

169 2109 287 2138 quum
318 2107 462 2141 vocat,
491 2102 536 2131 ad
564 2102 601 2131 id
629 2108 872 2141 properant.
925 2104 983 2132 Ex
1010 2112 1146 2132 eorum
1174 2111 1343 2132 numero
1370 2110 1446 2140 ego
1474 2110 1551 2129 non
1578 2108 1684 2139 sum,
1722 2105 1857 2136 neque
1884 2103 1950 2124 80-

170 2171 249 2191 rum
277 2161 394 2192 facta
422 2163 518 2194 mihi
555 2165 752 2202 placent,
788 2174 922 2204 neque
958 2174 1093 2194 eorum
1121 2164 1276 2194 caedes
1304 2169 1376 2194 aut
1404 2163 1551 2202 rapina
1579 2160 1856 2192 admiratione
1891 2166 1947 2186 me

171 2222 411 2252 adficiunt«.
474 2224 638 2255 Summam
672 2231 777 2256 autem
813 2225 1006 2255 timiditatem
1034 2231 1186 2265 sequente
1213 2237 1310 2257 versu
1337 2230 1431 2266 poeta
1458 2225 1625 2264 descripsit
1654 2223 1761 2260 (metr.
1790 2219 1946 2258 Redjes):

177 2287 284 2316 »Duo
311 2295 358 2317 ex
385 2288 504 2318 nobis
537 2299 655 2318 unum
692 2289 881 2324 vincunt,
917 2297 1035 2326 quum
1069 2287 1152 2316 sibi
1187 2293 1364 2318 mutuum
1395 2287 1605 2318 auxilium
1641 2286 1873 2322 praestant
1907 2285 1948 2308 et

175 2345 247 2375 ille
273 2348 458 2378 dormit«

194 2425 222 2458 ¹)
241 2427 358 2452 Mulieris
378 2436 472 2452 nomen
492 2435 551 2452 esse
570 2433 643 2459 puto,
663 2435 728 2459 qnae
747 2436 770 2460 p.
793 2430 834 2453 16.
854 2436 948 2454 versus
967 2430 1045 2453 finem
1064 2430 1191 2453 occurrit.
1228 2429 1292 2453 Eius
1310 2429 1401 2452 fratris
1421 2427 1518 2450 choras
1534 2426 1609 2448 tiam.
1631 2430 1654 2453 p·
1675 2422 1700 2448 lo
1720 2422 1817 2445 mentio
1838 2421 1873 2443 fit.

191 2475 221 2505 2)
242 2475 406 2503 Almohffleh
426 2480 450 2502 b.
470 2479 648 2509 Abi-zorraki.
667 2480 710 2510 qui
728 2486 798 2503 auno
817 2480 853 2504 82
871 2485 992 2506 mortuus
1010 2486 1061 2512 est,
1078 2482 1243 2513 significatur
1263 2481 1345 2510 (conf.
1365 2479 1481 2502 Meidan.
1502 2474 1638 2506 append).

906 2564 1209 2579 ψ·-
