2247 2865
971 93 1243 125 —364-

213 208 285 229 nem
313 197 404 228 tribui
431 206 531 237 posse
558 196 668 227 dicunt
695 200 750 226 aut
776 197 874 234 post
909 203 962 224 me
997 198 1052 224 aut
1077 198 1168 224 ante
1198 204 1262 224 me.
1314 194 1351 224 Si
1377 194 1431 224 illa
1458 193 1658 232 praefertur,
1694 201 1811 223 sensus
1840 194 1911 224 talis
1940 197 2002 235 est,

213 262 337 302 qualem
363 265 458 291 antea
487 259 644 300 indicavi3
671 259 721 288 sin
746 258 848 298 haec,
876 261 974 295 poeta
999 256 1108 286 verbis
1135 256 1294 286 inimicum
1321 255 1444 285 deridet
1470 255 1599 295 dicens,
1627 264 1677 284 me
1707 259 1800 294 pete,
1829 265 1925 294 quum
1952 265 2000 286 me

213 323 393 364 praecedis.
421 323 502 354 Sive
519 323 599 353 hanc
618 323 690 352 sive
709 321 791 350 illam
820 318 1086 360 significationem
1115 318 1268 358 admittis,
1294 323 1390 357 poeta
1417 318 1525 348 verbis
1552 318 1684 348 alterum
1712 318 1815 357 ipsum
1843 328 2003 358 nunquam

213 386 343 426 assequi
371 395 468 425 posse
495 385 578 415 dicit.
630 383 834 414 Scholiastes
862 385 967 411 antem
1003 381 1040 410 ab
1077 381 1138 410 hoc
1172 379 1336 410 diversum
1372 382 1479 411 verbis
1507 391 1639 411 sensum
1667 381 1774 410 inesse
1802 391 1899 420 posse
1926 380 2005 410 dixit

212 449 313 481 hunc:
343 448 449 487 Quum
477 453 593 487 poetae
621 447 710 487 origo
738 451 771 476 et
798 445 937 486 dignitas
965 446 1037 475 talis
1064 447 1116 482 sit,
1146 444 1275 474 alterum
1303 445 1425 474 nonnisi
1453 455 1503 484 eo,
1531 450 1563 475 nt
1591 455 1629 475 se
1655 445 1821 475 submittat
1848 449 1880 473 et
1899 444 2003 482 ipsum

211 515 376 551 sequatur,
404 510 561 540 desiderio
577 509 750 548 potiturum
767 518 854 548 esse„
883 509 998 547 quippe
1017 508 1115 536 verba
1142 505 1213 551 0>ssss
1241 504 1298 549 Δ),
1315 521 1356 544 0⁴
1374 504 1444 551 0315
1476 507 1623 546 »quidam
1650 511 1726 546 post
1752 505 1907 545 quendam
1926 510 1998 534 est«

211 572 416 614 significent,
454 580 525 600 eum
551 570 684 600 alterum
714 574 862 608 tanquam
890 569 1064 599 adiutorem
1091 570 1192 608 sequi.
1245 570 1347 600 Huius
1380 569 1425 599 rei
1452 569 1633 617 probandae
1660 578 1757 599 causa
1794 577 1946 607 vorsum,
1985 576 2003 596 a

211 634 420 676 grammatico
448 635 676 664 Ebu-Alsiccit
705 633 883 673 recitatum,
911 633 1074 663 adnotavit
1099 632 1208 671 (metr.
1235 633 1400 671 ThawiD:
1438 633 1513 662 Per
1539 633 1671 662 vitam
1700 631 1834 664 tuam!
1871 631 2000 660 Alka-

211 697 339 727 ranba
367 697 552 735 eiusque
579 697 740 727 familia
766 705 900 735 neque
927 701 1100 736 patruus
1140 705 1255 726 meus
1293 705 1427 734 neque
1465 694 1706 725 avunculus
1735 704 1845 724 meus
1874 702 2001 731 neque

210 771 381 802 adiutor
407 781 522 802 meus
558 776 634 802 est.
687 772 757 801 Hac
783 771 1020 812 significatIone
1047 775 1178 810 recepta
1202 771 1302 800 verba
1331 756 1414 814 [az-⁵⁸„
1442 785 1483 808 0-
1509 774 1628 800 statum
1655 778 1814 808 personae
1840 767 2003 797 secundae

208 834 238 863 in
267 834 456 873 imperativo
483 828 578 874 &3²2³ss
607 834 785 874 designant.
839 834 947 863 Verba
973 839 1077 864 autem
1104 830 1199 880 2535),
1227 847 1269 870 0⁴
1294 829 1335 860 ³³55
1374 833 1485 862 »Deus
1513 837 1588 870 post
1616 836 1648 861 te
1675 835 1771 871 est«,
1800 830 1910 869 quibus
1939 829 2002 858 ho-

209 898 310 926 mines
338 900 479 936 utuntur,
507 896 700 938 significant,
728 897 826 926 Deum
853 896 1011 926 hominem
1039 897 1120 927 male
1147 901 1297 937 agentem
1324 898 1427 934 sequi,
1456 900 1489 925 ut
1517 895 1631 935 agendi
1659 897 1813 924 rationem
1841 893 1959 932 puniat.

209 994 241 1023 4.
264 994 352 1023 Idem
373 994 453 1022 milli
472 1003 541 1022 esse
565 1002 677 1023 censeo
700 998 756 1023 aul
776 995 857 1023 mori
877 998 933 1024 aut
956 995 1142 1032 quibusdum
1165 995 1242 1022 rz'm‘s
1265 993 1397 1022 similem
1419 993 1536 1027 haberi,
1563 993 1618 1030 qui
1639 992 1828 1028 ignominias
1851 993 2002 1027 tanquam

897 1049 1081 1077 habitacula
1103 1049 1164 1076 sihi
1185 1048 1314 1084 εῐίμπηί.

311 1117 483 1158 Cogitandi
511 1118 661 1148 rationem
689 1127 781 1148 suam
809 1117 994 1148 describens
1022 1118 1106 1157 dicit,
1134 1126 1170 1147 se
1196 1121 1330 1146 mortem
1360 1126 1421 1145 non
1449 1116 1640 1152 detrectare.
1667 1119 1701 1145 ut
1718 1113 1919 1155 ignominiam
1946 1112 2001 1141 fu-

207 1179 284 1220 giat.
337 1179 413 1209 Vox
438 1177 525 1225 Ukstm
551 1180 765 1220 praedicatum
794 1185 846 1210 est
871 1180 1018 1210 subiecto
1045 1189 1118 1217 suo,
1144 1180 1252 1209 verbis
1281 1178 1360 1219 vsi
1389 1178 1447 1223 Οἱ,
1474 1180 1697 1218 praemissum.
1750 1179 1783 1207 In
1812 1178 1910 1207 verbo
1938 1186 2000 1206 au-

210 1247 276 1272 tern
305 1239 443 1288 05²·[05-2·
472 1253 601 1274 causam
628 1244 777 1283 invenio,
814 1253 868 1273 cur
895 1243 967 1274 voci
993 1241 1096 1291 25)ss
1122 1242 1307 1273 locorum
1335 1241 1588 1282 ignominiae
1614 1240 1808 1281 significatio
1835 1240 2001 1270 tribuenda

207 1303 271 1343 sit;
299 1304 338 1334 ad
359 1305 494 1334 verbum
514 1305 597 1334 enim
618 1305 807 1335 vertendum
834 1310 907 1335 est:
937 1304 1012 1343 Qui
1039 1306 1151 1335 locos
1179 1306 1450 1348 ignominiae
1477 1305 1559 1335 sibi
1587 1304 1776 1345 eligunt,
1805 1304 1864 1333 nbi
1895 1313 2000 1334 com-

207 1371 447 1408 morentur,
475 1370 495 1398 i.
523 1378 551 1398 e.
581 1378 709 1408 semper
736 1369 917 1409 ignominiis
946 1370 1086 1409 expositi
1112 1370 1187 1400 sint.

206 1463 238 1493 5.
260 1463 378 1502 llluyni
397 1469 500 1494 autem
524 1476 587 1495 non
606 1468 693 1505 facio
714 1476 793 1501 eum,
819 1468 874 1505 qui
895 1476 943 1495 me
964 1470 1073 1504 mngsm'
1092 1476 1156 1496 non
1175 1468 1258 1506 facit
1278 1471 1309 1496 et
1331 1467 1415 1506 quod
1434 1467 1512 1495 mila·
1532 1465 1730 1495 tribuendum
1753 1465 1846 1494 alteri
1867 1464 1998 1495 videtur,

871 1522 952 1550 idem
974 1524 1004 1550 εἰ
1024 1523 1222 1552 tribuendum
1241 1526 1327 1560 pulo.

305 1590 509 1628 Aequitatem
538 1590 751 1630 iustitiamque
778 1601 870 1621 suam
899 1602 978 1632 erga
1007 1592 1152 1622 homines
1180 1592 1365 1622 describens
1405 1590 1489 1630 dicit,
1525 1600 1562 1620 se
1592 1589 1703 1619 eodem
1731 1588 1844 1629 modo,
1881 1597 1942 1627 quo
1969 1588 2000 1617 in

207 1650 335 1691 agendo
363 1661 442 1691 erga
471 1652 574 1692 ipsum
601 1657 743 1693 utantur,
771 1663 851 1694 erga
878 1653 1022 1684 homines
1050 1664 1161 1696 agere,
1192 1659 1228 1684 ut
1253 1654 1329 1683 nulli
1356 1663 1417 1683 non
1444 1653 1547 1692 ipsum
1575 1651 1743 1682 honoranti
1769 1651 1920 1680 honorem
1940 1648 1999 1678 de-

206 1725 304 1755 bitum
333 1726 461 1756 tribuat.
513 1727 630 1757 Forma
658 1733 764 1757 antem
792 1715 878 1765 ..j-29
905 1727 1035 1770 indicat7
1061 1734 1190 1769 poetam
1217 1738 1278 1758 non
1306 1738 1440 1769 pergere
1469 1728 1602 1758 aiterum
1628 1726 1796 1763 honorare,
1822 1724 1882 1754 etsi
1908 1724 1999 1753 ince-

206 1789 309 1829 perit,
346 1790 375 1819 si
401 1789 481 1819 alter
508 1790 597 1830 paria
623 1790 683 1830 ipsi
710 1800 772 1820 non
799 1796 953 1830 praestet.
1006 1790 1169 1821 Suffixum
1196 1792 1287 1821 verbi
1314 1803 1397 1834 &fis
1437 1795 1472 1820 ut
1498 1791 1542 1820 sit
1568 1798 1623 1828 pro
1650 1787 1718 1832 εἷλὲ,
1756 1787 1909 1818 omissum
1934 1792 1999 1827 est,

207 1849 237 1879 id
265 1850 348 1889 quod
376 1860 476 1890 saepe
504 1852 609 1881 facere
636 1852 741 1882 solent
769 1851 898 1890 (Grani.
925 1853 1025 1883 Arab.
1051 1853 1089 1882 Τ.
1114 1853 1152 1882 11.
1180 1862 1209 1892 p.
1226 1852 1339 1891 3470.
1394 1850 1486 1889 Quod
1513 1851 1540 1879 si
1567 1859 1634 1879 vox
1661 1848 1684 1877 [a
1711 1848 1843 1879 definita
1870 1851 1999 1887 putatur

205 1914 227 1942 i.
253 1922 280 1941 e.
308 1917 343 1943 ut
370 1914 412 1943 sit
440 1914 508 1942 loco
535 1916 630 1943 vocis
658 1911 748 1959 &05:⁶53
777 1913 906 1954 (Gram.
934 1914 992 1944 Ar.
1020 1915 1057 1944 Τ.
1084 1915 1122 1944 Π.
1150 1924 1180 1953 p.
1210 1913 1305 1954 357„
1333 1912 1461 1943 Anthoi.
1488 1911 1600 1943 Gram.
1628 1921 1658 1951 p.
1681 1911 1792 1951 178),
1818 1910 1918 1940 verba
1940 1918 1997 1939 se-

207 1976 334 2012 quentia
382 1984 454 2005 cum
490 1985 527 2005 eo
567 1976 734 2005 coniuncta
774 1981 846 2006 sunt
884 1977 998 2018 modo5
1044 1987 1137 2016 quem
1175 1977 1376 2018 grammatici
1413 1974 1476 2004 :tto
1516 1975 1677 2015 appellant
1714 1972 1837 2013 (conf.
1879 1972 1990 2004 Graiu.

206 2037 263 2066 Ar.
291 2037 328 2066 Τ.
355 2037 392 2066 11.
422 2047 451 2076 p.
481 2038 562 2068 259.
591 2038 711 2077 261.);
738 2041 785 2069 sin
813 2049 891 2070 vero
919 2039 1002 2070 haud
1030 2040 1178 2080 definita,
1209 2044 1244 2069 ut
1272 2039 1342 2068 loco
1371 2039 1461 2068 vocis
1490 2037 1546 2066 Lm.
1572 2039 1638 2076 sit,
1666 2037 1818 2077 habetur,
1846 2034 1997 2065 adiectivi

207 2100 307 2138 (hiim)
335 2098 438 2129 locum
466 2105 554 2129 tenet
581 2100 672 2138 (ibid.
699 2106 732 2131 et
759 2101 862 2141 398.)

205 2196 239 2226 6.
263 2196 356 2232 Quod
374 2198 405 2225 si
422 2198 470 2225 vir
492 2200 522 2225 te
543 2205 606 2225 non
629 2201 728 2234 amat,
753 2200 820 2227 nisi
838 2201 955 2229 invitus
977 2201 1081 2236 modo,
1112 2210 1172 2240 qun
1195 2199 1315 2229 camela
1337 2201 1370 2228 in
1393 2198 1530 2228 alienum
1549 2196 1673 2235 pullum
1692 2204 1852 2234 propensa
1873 2197 1933 2229 est,
1965 2193 2000 2221 id

956 2255 1080 2283 durans
1101 2263 1165 2283 mm
1186 2257 1241 2284 est.

304 2319 405 2349 Poeta
431 2319 522 2358 dicit,
550 2329 710 2360 amorem,
737 2321 788 2360 qui
817 2332 858 2352 ex
882 2323 990 2353 intimo
1016 2323 1108 2354 animi
1136 2323 1264 2353 adfectu
1291 2321 1375 2352 haud
1404 2325 1505 2362 ortus.
1534 2321 1679 2351 sincerus
1708 2328 1770 2350 non
1795 2319 1849 2355 sit,
1877 2326 1996 2348 neces-

205 2382 302 2413 sitate
329 2388 468 2424 cogente
495 2384 672 2414 simulatum
713 2384 808 2413 rebus
836 2385 966 2415 mutatis
989 2386 1115 2427 mutari,
1144 2390 1179 2415 nt
1205 2385 1277 2415 talis
1305 2394 1390 2414 amor
1417 2385 1522 2425 magni
1549 2383 1712 2415 faciendus
1738 2392 1800 2413 non
1827 2382 1877 2412 sit.
1925 2381 1994 2410 Ta-

205 2446 265 2476 lem
290 2456 430 2476 amorem
457 2452 492 2476 ut
521 2447 697 2489 depingat,
733 2457 806 2477 eum
840 2456 911 2477 curn
940 2456 1050 2477 amore
1084 2447 1225 2477 camelae
1261 2447 1292 2477 in
1326 2447 1464 2476 alienum
1495 2447 1614 2487 pullum
1642 2446 1774 2476 confert.
1826 2443 1995 2484 Loquendi

205 2513 313 2538 autem
339 2508 453 2538 modus
480 2518 582 2548 paene
607 2510 638 2539 iu
661 2508 822 2549 proverbii
848 2509 1113 2539 consuetudinem
1138 2509 1249 2551 venit3
1275 2509 1384 2540 dicunt
1411 2510 1494 2539 enim
1519 2506 1644 2550 &9155
1668 2505 1771 2538 212an
1796 2505 1901 2556 alate.
1935 2507 1992 2538 Si-

204 2568 309 2600 milem
335 2579 479 2608 sensum,
507 2579 568 2609 quo
599 2579 716 2600 versus
744 2574 853 2600 noster
878 2569 1066 2612 illustratur,
1093 2574 1190 2609 poeta
1216 2571 1421 2610 sequentibus
1441 2571 1548 2601 verbis
1575 2569 1704 2610 protulit
1721 2569 1830 2608 (metr.
1847 2568 1991 2609 Basith):
