<?xml version="1.0" encoding="UTF-8"?>
<!DOCTYPE html PUBLIC "-//W3C//DTD XHTML 1.0 Transitional//EN"
    "http://www.w3.org/TR/xhtml1/DTD/xhtml1-transitional.dtd">
<html xmlns="http://www.w3.org/1999/xhtml" xml:lang="en" lang="en">
 <head>
  <title>
</title>
<meta http-equiv="Content-Type" content="text/html;charset=utf-8" />
  <meta name='ocr-system' content='tesseract 3.04.00' />
  <meta name='ocr-capabilities' content='ocr_page ocr_carea ocr_par ocr_line ocrx_word'/>
</head>
<body>
  <div class='ocr_page' id='page_1' title='image "./p1hamassaecarmin02abbiuoft_0668.png"; bbox 0 0 2247 2865; ppageno 0'>
   <div class='ocr_carea' id='block_1_1' title="bbox 1007 102 1278 133">
    <p class='ocr_par' dir='ltr' id='par_1_1' title="bbox 1007 102 1278 133">
     <span class='ocr_line' id='line_1_1' title="bbox 1007 102 1278 133; baseline -0.007 1"><span class='ocrx_word' id='word_1_1' title='bbox 1007 102 1278 133; x_wconf 72' lang='lat'>—632—</span> 
     </span>
    </p>
   </div>
   <div class='ocr_carea' id='block_1_2' title="bbox 242 200 2048 813">
    <p class='ocr_par' dir='ltr' id='par_1_2' title="bbox 242 200 2048 813">
     <span class='ocr_line' id='line_1_2' title="bbox 242 200 2036 246; baseline -0.006 -5"><span class='ocrx_word' id='word_1_2' title='bbox 242 211 380 242; x_wconf 83' lang='lat' dir='ltr'><strong>stitus</strong></span> <span class='ocrx_word' id='word_1_3' title='bbox 409 212 475 240; x_wconf 91' lang='lat' dir='ltr'><strong>est</strong></span> <span class='ocrx_word' id='word_1_4' title='bbox 502 206 637 238; x_wconf 72' lang='lat' dir='ltr'><strong>lorica</strong></span> <span class='ocrx_word' id='word_1_5' title='bbox 664 205 921 246; x_wconf 80' lang='lat' dir='ltr'><strong>splendente</strong></span> <span class='ocrx_word' id='word_1_6' title='bbox 949 204 1091 244; x_wconf 64' lang='lat' dir='ltr'><strong>firma,</strong></span> <span class='ocrx_word' id='word_1_7' title='bbox 1129 213 1246 243; x_wconf 85' lang='lat' dir='ltr'><strong>quarn</strong></span> <span class='ocrx_word' id='word_1_8' title='bbox 1285 203 1390 232; x_wconf 89' lang='lat' dir='ltr'><strong>bene</strong></span> <span class='ocrx_word' id='word_1_9' title='bbox 1427 200 1658 232; x_wconf 82' lang='lat' dir='ltr'>contexuit</span> <span class='ocrx_word' id='word_1_10' title='bbox 1692 204 1840 231; x_wconf 80' lang='lat' dir='ltr'><strong>textor</strong></span> <span class='ocrx_word' id='word_1_11' title='bbox 1867 204 1906 231; x_wconf 85' lang='lat' dir='ltr'><strong>et</strong></span> <span class='ocrx_word' id='word_1_12' title='bbox 1931 201 2036 231; x_wconf 82' lang='lat' dir='ltr'><strong>laci-</strong></span> 
     </span>
     <span class='ocr_line' id='line_1_3' title="bbox 242 263 2042 309; baseline -0.005 -6"><span class='ocrx_word' id='word_1_13' title='bbox 242 273 310 303; x_wconf 69' lang='lat' dir='ltr'><strong>nia</strong></span> <span class='ocrx_word' id='word_1_14' title='bbox 337 273 618 302; x_wconf 79' lang='lat' dir='ltr'>instruxerat</span> <span class='ocrx_word' id='word_1_15' title='bbox 635 271 662 309; x_wconf 86' lang='lat'><strong>¹)</strong></span> <span class='ocrx_word' id='word_1_16' title='bbox 697 269 769 299; x_wconf 90' lang='lat' dir='ltr'><strong>huic</strong></span> <span class='ocrx_word' id='word_1_17' title='bbox 804 268 918 298; x_wconf 89' lang='lat' dir='ltr'><strong>dicenti</strong></span> <span class='ocrx_word' id='word_1_18' title='bbox 952 267 1072 304; x_wconf 89' lang='lat' dir='ltr'><strong>verba,</strong></span> <span class='ocrx_word' id='word_1_19' title='bbox 1111 266 1227 306; x_wconf 91' lang='lat' dir='ltr'><strong>quibus</strong></span> <span class='ocrx_word' id='word_1_20' title='bbox 1262 269 1359 304; x_wconf 87' lang='lat' dir='ltr'><strong>poeta</strong></span> <span class='ocrx_word' id='word_1_21' title='bbox 1385 264 1550 294; x_wconf 81' lang='lat' dir='ltr'><strong>Alalischa</strong></span> <span class='ocrx_word' id='word_1_22' title='bbox 1576 263 1710 294; x_wconf 86' lang='lat' dir='ltr'><strong>Kaisum</strong></span> <span class='ocrx_word' id='word_1_23' title='bbox 1738 263 1767 293; x_wconf 89' lang='lat' dir='ltr'><strong>b.</strong></span> <span class='ocrx_word' id='word_1_24' title='bbox 1795 263 2042 303; x_wconf 79' lang='lat' dir='ltr'><strong>Mahdi-Carib</strong></span> 
     </span>
     <span class='ocr_line' id='line_1_4' title="bbox 244 324 2044 374; baseline -0.004 -10"><span class='ocrx_word' id='word_1_25' title='bbox 244 334 436 374; x_wconf 64' lang='lat' dir='ltr'><strong>laudaverit,</strong></span> <span class='ocrx_word' id='word_1_26' title='bbox 464 332 560 363; x_wconf 88' lang='lat' dir='ltr'><strong>dictis</strong></span> <span class='ocrx_word' id='word_1_27' title='bbox 588 330 824 371; x_wconf 78' lang='lat' dir='ltr'>praestantiora</span> <span class='ocrx_word' id='word_1_28' title='bbox 851 339 928 359; x_wconf 88' lang='lat' dir='ltr'><strong>esse</strong></span> <span class='ocrx_word' id='word_1_29' title='bbox 955 326 1063 372; x_wconf 85' lang='lat' dir='ltr'><strong>(metr.</strong></span> <span class='ocrx_word' id='word_1_30' title='bbox 1078 324 1222 370; x_wconf 89' lang='lat' dir='ltr'><strong>Camel):</strong></span> <span class='ocrx_word' id='word_1_31' title='bbox 1254 327 1404 364; x_wconf 65' lang='lat' dir='ltr'><strong>”Quum</strong></span> <span class='ocrx_word' id='word_1_32' title='bbox 1432 337 1578 368; x_wconf 84' lang='lat' dir='ltr'><strong>agmen</strong></span> <span class='ocrx_word' id='word_1_33' title='bbox 1606 327 1643 356; x_wconf 93' lang='lat' dir='ltr'><strong>in</strong></span> <span class='ocrx_word' id='word_1_34' title='bbox 1671 336 1789 357; x_wconf 91' lang='lat' dir='ltr'><strong>unum</strong></span> <span class='ocrx_word' id='word_1_35' title='bbox 1818 326 2044 357; x_wconf 89' lang='lat' dir='ltr'><strong>collectum</strong></span> 
     </span>
     <span class='ocr_line' id='line_1_5' title="bbox 244 386 2043 435; baseline -0.003 -10"><span class='ocrx_word' id='word_1_36' title='bbox 244 395 431 435; x_wconf 82' lang='lat' dir='ltr'><strong>strepitu</strong></span> <span class='ocrx_word' id='word_1_37' title='bbox 459 395 588 424; x_wconf 85' lang='lat' dir='ltr'><strong>multo</strong></span> <span class='ocrx_word' id='word_1_38' title='bbox 616 402 772 423; x_wconf 87' lang='lat' dir='ltr'><strong>carens</strong></span> <span class='ocrx_word' id='word_1_39' title='bbox 802 393 942 430; x_wconf 82' lang='lat' dir='ltr'><strong>venit,</strong></span> <span class='ocrx_word' id='word_1_40' title='bbox 980 392 1106 422; x_wconf 87' lang='lat' dir='ltr'><strong>cuius</strong></span> <span class='ocrx_word' id='word_1_41' title='bbox 1132 390 1304 430; x_wconf 91' lang='lat' dir='ltr'><strong>primum</strong></span> <span class='ocrx_word' id='word_1_42' title='bbox 1334 390 1577 432; x_wconf 59' lang='lat' dir='ltr'><strong>bibentesss)</strong></span> <span class='ocrx_word' id='word_1_43' title='bbox 1608 386 1772 434; x_wconf 87' lang='lat' dir='ltr'><strong>(duces)</strong></span> <span class='ocrx_word' id='word_1_44' title='bbox 1797 390 2043 420; x_wconf 83' lang='lat' dir='ltr'><strong>retinentes</strong></span> 
     </span>
     <span class='ocr_line' id='line_1_6' title="bbox 245 451 2044 496; baseline -0.004 -7"><span class='ocrx_word' id='word_1_45' title='bbox 245 460 398 490; x_wconf 88' lang='lat' dir='ltr'><strong>timore</strong></span> <span class='ocrx_word' id='word_1_46' title='bbox 426 457 622 496; x_wconf 76' lang='lat' dir='ltr'><strong>implent,</strong></span> <span class='ocrx_word' id='word_1_47' title='bbox 663 460 705 485; x_wconf 87' lang='lat' dir='ltr'><strong>tu</strong></span> <span class='ocrx_word' id='word_1_48' title='bbox 740 457 919 485; x_wconf 88' lang='lat' dir='ltr'><strong>omnium</strong></span> <span class='ocrx_word' id='word_1_49' title='bbox 945 455 1102 494; x_wconf 87' lang='lat' dir='ltr'><strong>primus</strong></span> <span class='ocrx_word' id='word_1_50' title='bbox 1140 462 1202 491; x_wconf 84' lang='lat' dir='ltr'><strong>eS‚</strong></span> <span class='ocrx_word' id='word_1_51' title='bbox 1235 452 1382 492; x_wconf 83' lang='lat' dir='ltr'><strong>clypeo</strong></span> <span class='ocrx_word' id='word_1_52' title='bbox 1410 451 1518 482; x_wconf 88' lang='lat' dir='ltr'><strong>haud</strong></span> <span class='ocrx_word' id='word_1_53' title='bbox 1556 458 1721 491; x_wconf 80' lang='lat' dir='ltr'><strong>tectus,</strong></span> <span class='ocrx_word' id='word_1_54' title='bbox 1757 451 1924 493; x_wconf 77' lang='lat' dir='ltr'><strong>gladio,</strong></span> <span class='ocrx_word' id='word_1_55' title='bbox 1959 451 2044 482; x_wconf 89' lang='lat' dir='ltr'><strong>dum</strong></span> 
     </span>
     <span class='ocr_line' id='line_1_7' title="bbox 246 514 2045 562; baseline -0.003 -11"><span class='ocrx_word' id='word_1_56' title='bbox 246 531 340 562; x_wconf 68' lang='lat' dir='ltr'><strong>ipse</strong></span> <span class='ocrx_word' id='word_1_57' title='bbox 368 523 498 561; x_wconf 86' lang='lat' dir='ltr'><strong>signo</strong></span> <span class='ocrx_word' id='word_1_58' title='bbox 527 523 709 549; x_wconf 87' lang='lat' dir='ltr'><strong>ornatus</strong></span> <span class='ocrx_word' id='word_1_59' title='bbox 737 517 822 557; x_wconf 77' lang='lat' dir='ltr'><strong>es³J</strong></span> <span class='ocrx_word' id='word_1_60' title='bbox 853 517 996 547; x_wconf 85' lang='lat' dir='ltr'><strong>fortes</strong></span> <span class='ocrx_word' id='word_1_61' title='bbox 1024 518 1146 546; x_wconf 81' lang='lat' dir='ltr'><strong>viros</strong></span> <span class='ocrx_word' id='word_1_62' title='bbox 1176 515 1264 544; x_wconf 89' lang='lat' dir='ltr'><strong>eius</strong></span> <span class='ocrx_word' id='word_1_63' title='bbox 1293 515 1514 556; x_wconf 84' lang='lat' dir='ltr'><strong>(agminis)</strong></span> <span class='ocrx_word' id='word_1_64' title='bbox 1542 515 1757 554; x_wconf 86' lang='lat' dir='ltr'><strong>percutis«</strong></span> <span class='ocrx_word' id='word_1_65' title='bbox 1788 514 1883 556; x_wconf 79' lang='lat' dir='ltr'><strong>huic,</strong></span> <span class='ocrx_word' id='word_1_66' title='bbox 1910 515 2045 554; x_wconf 89' lang='lat' dir='ltr'><strong>inquam,</strong></span> 
     </span>
     <span class='ocr_line' id='line_1_8' title="bbox 247 577 2047 623; baseline -0.002 -11"><span class='ocrx_word' id='word_1_67' title='bbox 247 583 438 623; x_wconf 83' lang='lat' dir='ltr'><strong>respondit,</strong></span> <span class='ocrx_word' id='word_1_68' title='bbox 466 592 503 612; x_wconf 85' lang='lat' dir='ltr'><strong>sc</strong></span> <span class='ocrx_word' id='word_1_69' title='bbox 531 583 699 623; x_wconf 82' lang='lat' dir='ltr'><strong>principem</strong></span> <span class='ocrx_word' id='word_1_70' title='bbox 728 581 867 611; x_wconf 85' lang='lat' dir='ltr'><strong>fidelium</strong></span> <span class='ocrx_word' id='word_1_71' title='bbox 896 583 1042 618; x_wconf 84' lang='lat' dir='ltr'><strong>tanquam</strong></span> <span class='ocrx_word' id='word_1_72' title='bbox 1070 582 1194 608; x_wconf 83' lang='lat' dir='ltr'><strong>cautum</strong></span> <span class='ocrx_word' id='word_1_73' title='bbox 1214 577 1462 616; x_wconf 74' lang='lat' dir='ltr'><strong>prudentemque</strong></span> <span class='ocrx_word' id='word_1_74' title='bbox 1486 578 1714 617; x_wconf 81' lang='lat' dir='ltr'><strong>descripsisse,</strong></span> <span class='ocrx_word' id='word_1_75' title='bbox 1741 583 1868 618; x_wconf 88' lang='lat' dir='ltr'><strong>poetam</strong></span> <span class='ocrx_word' id='word_1_76' title='bbox 1884 578 2047 609; x_wconf 80' lang='lat' dir='ltr'><strong>Alahscha</strong></span> 
     </span>
     <span class='ocr_line' id='line_1_9' title="bbox 247 638 2045 682; baseline -0.003 -7"><span class='ocrx_word' id='word_1_77' title='bbox 247 638 319 682; x_wconf 81' lang='grc'>(11·</span> <span class='ocrx_word' id='word_1_78' title='bbox 342 638 479 682; x_wconf 62' lang='grc'>351·)</span> <span class='ocrx_word' id='word_1_79' title='bbox 499 648 603 675; x_wconf 84' lang='lat' dir='ltr'><strong>aulem</strong></span> <span class='ocrx_word' id='word_1_80' title='bbox 634 644 718 673; x_wconf 90' lang='lat' dir='ltr'><strong>illum</strong></span> <span class='ocrx_word' id='word_1_81' title='bbox 747 647 893 682; x_wconf 83' lang='lat' dir='ltr'><strong>tanquam</strong></span> <span class='ocrx_word' id='word_1_82' title='bbox 921 647 1077 673; x_wconf 81' lang='lat' dir='ltr'><strong>amentem</strong></span> <span class='ocrx_word' id='word_1_83' title='bbox 1106 645 1137 671; x_wconf 84' lang='lat' dir='ltr'><strong>ct</strong></span> <span class='ocrx_word' id='word_1_84' title='bbox 1158 645 1280 670; x_wconf 84' lang='lat' dir='ltr'><strong>temere</strong></span> <span class='ocrx_word' id='word_1_85' title='bbox 1297 645 1458 681; x_wconf 82' lang='lat' dir='ltr'><strong>agentem.</strong></span> <span class='ocrx_word' id='word_1_86' title='bbox 1487 640 1688 670; x_wconf 80' lang='lat' dir='ltr'><strong>Sclioliastes</strong></span> <span class='ocrx_word' id='word_1_87' title='bbox 1706 645 1813 670; x_wconf 87' lang='lat' dir='ltr'><strong>autem</strong></span> <span class='ocrx_word' id='word_1_88' title='bbox 1830 640 1920 680; x_wconf 87' lang='lat' dir='ltr'><strong>poesi</strong></span> <span class='ocrx_word' id='word_1_89' title='bbox 1941 642 2045 681; x_wconf 82' lang='lat' dir='ltr'><strong>magis</strong></span> 
     </span>
     <span class='ocr_line' id='line_1_10' title="bbox 246 702 2046 746; baseline -0.003 -10"><span class='ocrx_word' id='word_1_90' title='bbox 246 707 419 737; x_wconf 86' lang='lat' dir='ltr'><strong>convenire</strong></span> <span class='ocrx_word' id='word_1_91' title='bbox 447 710 550 746; x_wconf 75' lang='lat' dir='ltr'><strong>putat,</strong></span> <span class='ocrx_word' id='word_1_92' title='bbox 580 706 608 735; x_wconf 89' lang='lat' dir='ltr'><strong>si</strong></span> <span class='ocrx_word' id='word_1_93' title='bbox 636 705 706 745; x_wconf 90' lang='lat' dir='ltr'><strong>quis</strong></span> <span class='ocrx_word' id='word_1_94' title='bbox 734 715 892 735; x_wconf 89' lang='lat' dir='ltr'><strong>summum</strong></span> <span class='ocrx_word' id='word_1_95' title='bbox 922 704 1017 744; x_wconf 72' lang='lat' dir='ltr'><strong>dicat,</strong></span> <span class='ocrx_word' id='word_1_96' title='bbox 1046 713 1137 742; x_wconf 89' lang='lat' dir='ltr'><strong>quam</strong></span> <span class='ocrx_word' id='word_1_97' title='bbox 1166 704 1191 732; x_wconf 85' lang='lat' dir='ltr'><strong>si</strong></span> <span class='ocrx_word' id='word_1_98' title='bbox 1220 702 1399 732; x_wconf 88' lang='lat' dir='ltr'><strong>indicendo</strong></span> <span class='ocrx_word' id='word_1_99' title='bbox 1420 702 1546 732; x_wconf 90' lang='lat' dir='ltr'><strong>modum</strong></span> <span class='ocrx_word' id='word_1_100' title='bbox 1562 705 1680 742; x_wconf 82' lang='lat' dir='ltr'><strong>teneat,</strong></span> <span class='ocrx_word' id='word_1_101' title='bbox 1709 707 1741 731; x_wconf 83' lang='lat' dir='ltr'><strong>et</strong></span> <span class='ocrx_word' id='word_1_102' title='bbox 1759 703 1839 732; x_wconf 87' lang='lat' dir='ltr'><strong>hanc</strong></span> <span class='ocrx_word' id='word_1_103' title='bbox 1860 702 1897 732; x_wconf 92' lang='lat' dir='ltr'><strong>ob</strong></span> <span class='ocrx_word' id='word_1_104' title='bbox 1918 711 2046 732; x_wconf 90' lang='lat' dir='ltr'><strong>causam</strong></span> 
     </span>
     <span class='ocr_line' id='line_1_11' title="bbox 246 760 2048 813; baseline -0.003 -14"><span class='ocrx_word' id='word_1_105' title='bbox 246 775 363 810; x_wconf 88' lang='lat' dir='ltr'><strong>poetae</strong></span> <span class='ocrx_word' id='word_1_106' title='bbox 391 769 576 799; x_wconf 73' lang='lat' dir='ltr'><strong>Alalisehae</strong></span> <span class='ocrx_word' id='word_1_107' title='bbox 606 768 730 798; x_wconf 89' lang='lat' dir='ltr'><strong>dicendi</strong></span> <span class='ocrx_word' id='word_1_108' title='bbox 761 768 886 798; x_wconf 90' lang='lat' dir='ltr'><strong>modum</strong></span> <span class='ocrx_word' id='word_1_109' title='bbox 915 765 1159 807; x_wconf 84' lang='lat' dir='ltr'><strong>praeferendum</strong></span> <span class='ocrx_word' id='word_1_110' title='bbox 1189 775 1264 796; x_wconf 85' lang='lat' dir='ltr'><strong>esse</strong></span> <span class='ocrx_word' id='word_1_111' title='bbox 1291 768 1391 804; x_wconf 82' lang='lat' dir='ltr'><strong>putat.</strong></span> <span class='ocrx_word' id='word_1_112' title='bbox 1435 765 1522 795; x_wconf 77' lang='lat' dir='ltr'><strong>Voci</strong></span> <span class='ocrx_word' id='word_1_113' title='bbox 1548 760 1675 813; x_wconf 52' lang='grc' dir='ltr'><strong>εφὼίῖ</strong></span> <span class='ocrx_word' id='word_1_114' title='bbox 1703 763 1734 792; x_wconf 87' lang='lat' dir='ltr'><strong>in</strong></span> <span class='ocrx_word' id='word_1_115' title='bbox 1769 763 1877 793; x_wconf 86' lang='lat' dir='ltr'><strong>codice</strong></span> <span class='ocrx_word' id='word_1_116' title='bbox 1911 763 2048 794; x_wconf 80' lang='lat' dir='ltr'><strong>&#39;rebrisii</strong></span> 
     </span>
    </p>
   </div>
   <div class='ocr_carea' id='block_1_3' title="bbox 248 830 1134 872">
    <p class='ocr_par' dir='ltr' id='par_1_3' title="bbox 248 830 1134 872">
     <span class='ocr_line' id='line_1_12' title="bbox 248 830 1134 872; baseline -0.005 -10"><span class='ocrx_word' id='word_1_117' title='bbox 248 837 312 863; x_wconf 85' lang='lat' dir='ltr'><strong>tam</strong></span> <span class='ocrx_word' id='word_1_118' title='bbox 336 832 436 862; x_wconf 85' lang='lat' dir='ltr'><strong>activi</strong></span> <span class='ocrx_word' id='word_1_119' title='bbox 462 841 553 872; x_wconf 90' lang='lat' dir='ltr'><strong>quam</strong></span> <span class='ocrx_word' id='word_1_120' title='bbox 582 832 708 871; x_wconf 84' lang='lat' dir='ltr'><strong>passivi</strong></span> <span class='ocrx_word' id='word_1_121' title='bbox 735 832 867 861; x_wconf 81' lang='lat' dir='ltr'><strong>vocales</strong></span> <span class='ocrx_word' id='word_1_122' title='bbox 895 830 1021 861; x_wconf 84' lang='lat' dir='ltr'><strong>additae</strong></span> <span class='ocrx_word' id='word_1_123' title='bbox 1049 834 1134 859; x_wconf 89' lang='lat' dir='ltr'><strong>sunt.</strong></span> 
     </span>
    </p>
   </div>
   <div class='ocr_carea' id='block_1_4' title="bbox 671 937 1638 1048">
    <p class='ocr_par' dir='ltr' id='par_1_4' title="bbox 671 937 1638 1048">
     <span class='ocr_line' id='line_1_13' title="bbox 1057 937 1269 972; baseline -0.014 0"><span class='ocrx_word' id='word_1_124' title='bbox 1057 937 1269 972; x_wconf 61' lang='lat' dir='ltr'><strong>contu.</strong></span> 
     </span>
     <span class='ocr_line' id='line_1_14' title="bbox 671 1001 1638 1048; baseline -0.006 -7"><span class='ocrx_word' id='word_1_125' title='bbox 671 1006 811 1041; x_wconf 64' lang='lat' dir='ltr'><strong>luxit</strong></span> <span class='ocrx_word' id='word_1_126' title='bbox 836 1006 1022 1040; x_wconf 74' lang='lat' dir='ltr'><strong>femina</strong></span> <span class='ocrx_word' id='word_1_127' title='bbox 1045 1015 1072 1039; x_wconf 80' lang='lat' dir='ltr'><strong>e</strong></span> <span class='ocrx_word' id='word_1_128' title='bbox 1095 1005 1241 1048; x_wconf 76' lang='lat' dir='ltr'><strong>gente</strong></span> <span class='ocrx_word' id='word_1_129' title='bbox 1271 1001 1638 1037; x_wconf 71' lang='lat' dir='ltr'><strong>Banu-Alumir.</strong></span> 
     </span>
    </p>
   </div>
   <div class='ocr_carea' id='block_1_5' title="bbox 354 1074 2051 1122">
    <p class='ocr_par' dir='ltr' id='par_1_5' title="bbox 354 1074 2051 1122">
     <span class='ocr_line' id='line_1_15' title="bbox 354 1074 2051 1122; baseline -0.005 -10"><span class='ocrx_word' id='word_1_130' title='bbox 354 1081 616 1122; x_wconf 78' lang='lat' dir='ltr'><strong>Abu-Bijisclius</strong></span> <span class='ocrx_word' id='word_1_131' title='bbox 645 1080 735 1120; x_wconf 77' lang='lat' dir='ltr'><strong>dixit,</strong></span> <span class='ocrx_word' id='word_1_132' title='bbox 763 1080 905 1110; x_wconf 89' lang='lat' dir='ltr'><strong>feminam</strong></span> <span class='ocrx_word' id='word_1_133' title='bbox 932 1079 1025 1109; x_wconf 86' lang='lat' dir='ltr'><strong>istam</strong></span> <span class='ocrx_word' id='word_1_134' title='bbox 1053 1089 1070 1108; x_wconf 94' lang='lat' dir='ltr'><strong>e</strong></span> <span class='ocrx_word' id='word_1_135' title='bbox 1100 1082 1197 1119; x_wconf 83' lang='lat' dir='ltr'><strong>gente</strong></span> <span class='ocrx_word' id='word_1_136' title='bbox 1225 1076 1384 1107; x_wconf 86' lang='lat' dir='ltr'><strong>Koschair</strong></span> <span class='ocrx_word' id='word_1_137' title='bbox 1412 1076 1519 1106; x_wconf 89' lang='lat' dir='ltr'><strong>fuisse.</strong></span> <span class='ocrx_word' id='word_1_138' title='bbox 1568 1074 1728 1105; x_wconf 84' lang='lat' dir='ltr'><strong>Koschair</strong></span> <span class='ocrx_word' id='word_1_139' title='bbox 1756 1078 1807 1104; x_wconf 92' lang='lat' dir='ltr'><strong>est</strong></span> <span class='ocrx_word' id='word_1_140' title='bbox 1834 1074 1918 1105; x_wconf 87' lang='lat' dir='ltr'><strong>filius</strong></span> <span class='ocrx_word' id='word_1_141' title='bbox 1949 1074 2051 1105; x_wconf 84' lang='lat' dir='ltr'><strong>Cahhi</strong></span> 
     </span>
    </p>
   </div>
   <div class='ocr_carea' id='block_1_6' title="bbox 261 1137 2050 1185">
    <p class='ocr_par' dir='ltr' id='par_1_6' title="bbox 261 1137 2050 1185">
     <span class='ocr_line' id='line_1_16' title="bbox 261 1137 2050 1185; baseline -0.005 -9"><span class='ocrx_word' id='word_1_142' title='bbox 261 1146 289 1176; x_wconf 91' lang='lat' dir='ltr'><strong>b.</strong></span> <span class='ocrx_word' id='word_1_143' title='bbox 300 1145 435 1179; x_wconf 78' lang='lat' dir='ltr'><strong>Rabiah.</strong></span> <span class='ocrx_word' id='word_1_144' title='bbox 451 1146 575 1176; x_wconf 82' lang='lat' dir='ltr'><strong>Alimiri</strong></span> <span class='ocrx_word' id='word_1_145' title='bbox 586 1145 695 1185; x_wconf 87' lang='lat' dir='ltr'><strong>plures</strong></span> <span class='ocrx_word' id='word_1_146' title='bbox 706 1149 794 1174; x_wconf 86' lang='lat' dir='ltr'><strong>erant</strong></span> <span class='ocrx_word' id='word_1_147' title='bbox 805 1154 813 1184; x_wconf 77' lang='lat'>3</span> <span class='ocrx_word' id='word_1_148' title='bbox 830 1143 888 1172; x_wconf 86' lang='lat' dir='ltr'><strong>scd</strong></span> <span class='ocrx_word' id='word_1_149' title='bbox 899 1143 993 1172; x_wconf 81' lang='lat' dir='ltr'><strong>huius</strong></span> <span class='ocrx_word' id='word_1_150' title='bbox 1005 1141 1105 1172; x_wconf 87' lang='lat' dir='ltr'><strong>Cahbi</strong></span> <span class='ocrx_word' id='word_1_151' title='bbox 1116 1140 1242 1170; x_wconf 81' lang='lat' dir='ltr'><strong>fratrem</strong></span> <span class='ocrx_word' id='word_1_152' title='bbox 1255 1140 1305 1169; x_wconf 86' lang='lat' dir='ltr'><strong>hic</strong></span> <span class='ocrx_word' id='word_1_153' title='bbox 1316 1138 1487 1180; x_wconf 84' lang='lat' dir='ltr'><strong>significari</strong></span> <span class='ocrx_word' id='word_1_154' title='bbox 1500 1142 1575 1177; x_wconf 87' lang='lat' dir='ltr'><strong>puto</strong></span> <span class='ocrx_word' id='word_1_155' title='bbox 1590 1148 1606 1167; x_wconf 88' lang='lat' dir='ltr'><strong>c</strong></span> <span class='ocrx_word' id='word_1_156' title='bbox 1615 1147 1632 1166; x_wconf 94' lang='lat' dir='ltr'><strong>o</strong></span> <span class='ocrx_word' id='word_1_157' title='bbox 1642 1148 1660 1166; x_wconf 90' lang='lat' dir='ltr'><strong>n</strong></span> <span class='ocrx_word' id='word_1_158' title='bbox 1669 1137 1690 1168; x_wconf 87' lang='lat' dir='ltr'><strong>f.</strong></span> <span class='ocrx_word' id='word_1_159' title='bbox 1699 1137 1917 1168; x_wconf 84' lang='lat' dir='ltr'><strong>Ebu-Kotaib.</strong></span> <span class='ocrx_word' id='word_1_160' title='bbox 1928 1137 2050 1177; x_wconf 84' lang='lat' dir='ltr'><strong>p.108.</strong></span> 
     </span>
    </p>
   </div>
   <div class='ocr_carea' id='block_1_7' title="bbox 254 1247 2057 1919">
    <p class='ocr_par' dir='ltr' id='par_1_7' title="bbox 254 1247 2052 1333">
     <span class='ocr_line' id='line_1_17' title="bbox 254 1247 2052 1290; baseline -0.005 -6"><span class='ocrx_word' id='word_1_161' title='bbox 254 1256 283 1286; x_wconf 84' lang='lat'><strong>1.</strong></span> <span class='ocrx_word' id='word_1_162' title='bbox 306 1255 353 1284; x_wconf 85' lang='lat' dir='ltr'><strong>Et</strong></span> <span class='ocrx_word' id='word_1_163' title='bbox 375 1255 504 1290; x_wconf 79' lang='lat' dir='ltr'><strong>bellum,</strong></span> <span class='ocrx_word' id='word_1_164' title='bbox 535 1256 628 1283; x_wconf 76' lang='lat' dir='ltr'><strong>cuius</strong></span> <span class='ocrx_word' id='word_1_165' title='bbox 657 1253 692 1282; x_wconf 88' lang='lat' dir='ltr'><strong>ob</strong></span> <span class='ocrx_word' id='word_1_166' title='bbox 720 1255 809 1281; x_wconf 73' lang='lat' dir='ltr'><strong>varia</strong></span> <span class='ocrx_word' id='word_1_167' title='bbox 838 1253 922 1281; x_wconf 81' lang='lat' dir='ltr'><strong>mala</strong></span> <span class='ocrx_word' id='word_1_168' title='bbox 944 1252 1085 1280; x_wconf 72' lang='lat' dir='ltr'><strong>homines</strong></span> <span class='ocrx_word' id='word_1_169' title='bbox 1109 1251 1248 1279; x_wconf 79' lang='lat' dir='ltr'><strong>clamant</strong></span> <span class='ocrx_word' id='word_1_170' title='bbox 1271 1250 1358 1278; x_wconf 65' lang='lat' dir='ltr'><strong>morlo</strong></span> <span class='ocrx_word' id='word_1_171' title='bbox 1383 1249 1571 1277; x_wconf 80' lang='lat' dir='ltr'><strong>camelorum</strong></span> <span class='ocrx_word' id='word_1_172' title='bbox 1595 1257 1787 1277; x_wconf 78' lang='lat' dir='ltr'><strong>annosorum</strong></span> <span class='ocrx_word' id='word_1_173' title='bbox 1809 1249 1843 1276; x_wconf 84' lang='lat' dir='ltr'><strong>in</strong></span> <span class='ocrx_word' id='word_1_174' title='bbox 1865 1248 1957 1277; x_wconf 83' lang='lat' dir='ltr'><strong>dorso</strong></span> <span class='ocrx_word' id='word_1_175' title='bbox 1978 1247 2052 1277; x_wconf 83' lang='lat' dir='ltr'><strong>vul-</strong></span> 
     </span>
     <span class='ocr_line' id='line_1_18' title="bbox 1058 1308 1249 1333; baseline -0.005 0"><span class='ocrx_word' id='word_1_176' title='bbox 1058 1308 1249 1333; x_wconf 78' lang='lat' dir='ltr'><strong>neralormn.</strong></span> 
     </span>
    </p>

    <p class='ocr_par' dir='ltr' id='par_1_8' title="bbox 255 1371 2057 1919">
     <span class='ocr_line' id='line_1_19' title="bbox 352 1371 2052 1417; baseline -0.003 -9"><span class='ocrx_word' id='word_1_177' title='bbox 352 1378 413 1408; x_wconf 92' lang='lat' dir='ltr'><strong>Hic</strong></span> <span class='ocrx_word' id='word_1_178' title='bbox 438 1387 556 1408; x_wconf 85' lang='lat' dir='ltr'><strong>versus</strong></span> <span class='ocrx_word' id='word_1_179' title='bbox 584 1387 651 1408; x_wconf 89' lang='lat' dir='ltr'><strong>cum</strong></span> <span class='ocrx_word' id='word_1_180' title='bbox 680 1377 785 1416; x_wconf 87' lang='lat' dir='ltr'><strong>priore</strong></span> <span class='ocrx_word' id='word_1_181' title='bbox 810 1385 909 1405; x_wconf 87' lang='lat' dir='ltr'><strong>versu</strong></span> <span class='ocrx_word' id='word_1_182' title='bbox 936 1375 1107 1405; x_wconf 86' lang='lat' dir='ltr'><strong>cohaerere</strong></span> <span class='ocrx_word' id='word_1_183' title='bbox 1135 1379 1168 1404; x_wconf 80' lang='lat' dir='ltr'><strong>et</strong></span> <span class='ocrx_word' id='word_1_184' title='bbox 1195 1373 1373 1414; x_wconf 83' lang='lat' dir='ltr'><strong>genitivum</strong></span> <span class='ocrx_word' id='word_1_185' title='bbox 1403 1372 1493 1402; x_wconf 90' lang='lat' dir='ltr'><strong>vocis</strong></span> <span class='ocrx_word' id='word_1_186' title='bbox 1520 1383 1601 1417; x_wconf 41' lang='lat'><strong>5³5&gt;</strong></span> <span class='ocrx_word' id='word_1_187' title='bbox 1628 1382 1689 1401; x_wconf 93' lang='lat' dir='ltr'><strong>non</strong></span> <span class='ocrx_word' id='word_1_188' title='bbox 1726 1371 1799 1402; x_wconf 91' lang='lat' dir='ltr'><strong>inde</strong></span> <span class='ocrx_word' id='word_1_189' title='bbox 1836 1376 1937 1402; x_wconf 88' lang='lat' dir='ltr'><strong>ortum</strong></span> <span class='ocrx_word' id='word_1_190' title='bbox 1965 1380 2052 1411; x_wconf 84' lang='lat' dir='ltr'><strong>esse,</strong></span> 
     </span>
     <span class='ocr_line' id='line_1_20' title="bbox 258 1433 2053 1482; baseline -0.004 -12"><span class='ocrx_word' id='word_1_191' title='bbox 258 1440 343 1480; x_wconf 85' lang='lat' dir='ltr'><strong>quod</strong></span> <span class='ocrx_word' id='word_1_192' title='bbox 369 1441 476 1470; x_wconf 81' lang='lat' dir='ltr'><strong>littera</strong></span> <span class='ocrx_word' id='word_1_193' title='bbox 500 1456 516 1479; x_wconf 62' lang='lat'><em>2</em></span> <span class='ocrx_word' id='word_1_194' title='bbox 545 1437 812 1480; x_wconf 78' lang='lat' dir='ltr'><strong>significationem</strong></span> <span class='ocrx_word' id='word_1_195' title='bbox 840 1437 931 1467; x_wconf 77' lang='lat' dir='ltr'><strong>vocis</strong></span> <span class='ocrx_word' id='word_1_196' title='bbox 958 1449 1004 1482; x_wconf 53' lang='grc' dir='ltr'><strong>ψ)</strong></span> <span class='ocrx_word' id='word_1_197' title='bbox 1032 1436 1158 1475; x_wconf 77' lang='lat' dir='ltr'><strong>habeat⁷</strong></span> <span class='ocrx_word' id='word_1_198' title='bbox 1187 1445 1204 1465; x_wconf 88' lang='lat' dir='ltr'><strong>e</strong></span> <span class='ocrx_word' id='word_1_199' title='bbox 1233 1440 1390 1475; x_wconf 85' lang='lat' dir='ltr'><strong>sequente</strong></span> <span class='ocrx_word' id='word_1_200' title='bbox 1418 1444 1518 1465; x_wconf 84' lang='lat' dir='ltr'><strong>versu</strong></span> <span class='ocrx_word' id='word_1_201' title='bbox 1546 1444 1630 1465; x_wconf 81' lang='lat' dir='ltr'><strong>voce</strong></span> <span class='ocrx_word' id='word_1_202' title='bbox 1656 1433 1785 1482; x_wconf 55' lang='lat' dir='ltr'><strong>LC-sjffl</strong></span> <span class='ocrx_word' id='word_1_203' title='bbox 1804 1435 1972 1474; x_wconf 82' lang='lat' dir='ltr'><strong>incipiente</strong></span> <span class='ocrx_word' id='word_1_204' title='bbox 1999 1434 2053 1463; x_wconf 93' lang='lat' dir='ltr'><strong>vi-</strong></span> 
     </span>
     <span class='ocr_line' id='line_1_21' title="bbox 255 1497 2054 1542; baseline -0.003 -8"><span class='ocrx_word' id='word_1_205' title='bbox 255 1503 379 1534; x_wconf 84' lang='lat' dir='ltr'><strong>demus.</strong></span> <span class='ocrx_word' id='word_1_206' title='bbox 433 1503 459 1532; x_wconf 77' lang='lat' dir='ltr'>E</span> <span class='ocrx_word' id='word_1_207' title='bbox 489 1502 676 1542; x_wconf 85' lang='lat' dir='ltr'><strong>quibusdam</strong></span> <span class='ocrx_word' id='word_1_208' title='bbox 705 1501 827 1531; x_wconf 87' lang='lat' dir='ltr'><strong>indiciis</strong></span> <span class='ocrx_word' id='word_1_209' title='bbox 855 1501 972 1530; x_wconf 83' lang='lat' dir='ltr'><strong>bellum</strong></span> <span class='ocrx_word' id='word_1_210' title='bbox 1000 1504 1093 1529; x_wconf 86' lang='lat' dir='ltr'><strong>atrox</strong></span> <span class='ocrx_word' id='word_1_211' title='bbox 1121 1499 1261 1528; x_wconf 83' lang='lat' dir='ltr'><strong>futurum</strong></span> <span class='ocrx_word' id='word_1_212' title='bbox 1291 1508 1386 1539; x_wconf 73' lang='lat' dir='ltr'><strong>esse,</strong></span> <span class='ocrx_word' id='word_1_213' title='bbox 1417 1501 1543 1538; x_wconf 89' lang='lat' dir='ltr'><strong>poetria</strong></span> <span class='ocrx_word' id='word_1_214' title='bbox 1569 1500 1672 1528; x_wconf 89' lang='lat' dir='ltr'><strong>animo</strong></span> <span class='ocrx_word' id='word_1_215' title='bbox 1701 1498 1878 1537; x_wconf 87' lang='lat' dir='ltr'><strong>praevidet.</strong></span> <span class='ocrx_word' id='word_1_216' title='bbox 1931 1497 2054 1528; x_wconf 91' lang='lat' dir='ltr'><strong>Bellum</strong></span> 
     </span>
     <span class='ocr_line' id='line_1_22' title="bbox 256 1559 2054 1605; baseline -0.003 -8"><span class='ocrx_word' id='word_1_217' title='bbox 256 1572 363 1597; x_wconf 81' lang='lat' dir='ltr'><strong>autem</strong></span> <span class='ocrx_word' id='word_1_218' title='bbox 392 1571 486 1596; x_wconf 81' lang='lat' dir='ltr'><strong>atrox</strong></span> <span class='ocrx_word' id='word_1_219' title='bbox 514 1574 602 1605; x_wconf 75' lang='lat' dir='ltr'><strong>esse,</strong></span> <span class='ocrx_word' id='word_1_220' title='bbox 631 1566 724 1594; x_wconf 92' lang='lat' dir='ltr'><strong>cuius</strong></span> <span class='ocrx_word' id='word_1_221' title='bbox 755 1564 945 1594; x_wconf 84' lang='lat' dir='ltr'><strong>mentionem</strong></span> <span class='ocrx_word' id='word_1_222' title='bbox 973 1562 1058 1601; x_wconf 87' lang='lat' dir='ltr'><strong>facit,</strong></span> <span class='ocrx_word' id='word_1_223' title='bbox 1087 1572 1127 1591; x_wconf 86' lang='lat' dir='ltr'><strong>ex</strong></span> <span class='ocrx_word' id='word_1_224' title='bbox 1156 1571 1193 1590; x_wconf 88' lang='lat' dir='ltr'><strong>eo</strong></span> <span class='ocrx_word' id='word_1_225' title='bbox 1222 1560 1457 1601; x_wconf 77' lang='lat' dir='ltr'><strong>cognoscimus,</strong></span> <span class='ocrx_word' id='word_1_226' title='bbox 1487 1560 1569 1599; x_wconf 91' lang='lat' dir='ltr'><strong>quod</strong></span> <span class='ocrx_word' id='word_1_227' title='bbox 1589 1559 1731 1590; x_wconf 88' lang='lat' dir='ltr'><strong>homines</strong></span> <span class='ocrx_word' id='word_1_228' title='bbox 1752 1560 1844 1590; x_wconf 89' lang='lat' dir='ltr'><strong>modo</strong></span> <span class='ocrx_word' id='word_1_229' title='bbox 1863 1561 2054 1591; x_wconf 86' lang='lat' dir='ltr'><strong>camelorum</strong></span> 
     </span>
     <span class='ocr_line' id='line_1_23' title="bbox 257 1622 2054 1666; baseline -0.004 -7"><span class='ocrx_word' id='word_1_230' title='bbox 257 1639 460 1666; x_wconf 77' lang='lat' dir='ltr'><strong>annosorum,</strong></span> <span class='ocrx_word' id='word_1_231' title='bbox 488 1628 513 1658; x_wconf 88' lang='lat' dir='ltr'><strong>si</strong></span> <span class='ocrx_word' id='word_1_232' title='bbox 541 1628 570 1657; x_wconf 91' lang='lat' dir='ltr'><strong>in</strong></span> <span class='ocrx_word' id='word_1_233' title='bbox 599 1627 695 1656; x_wconf 86' lang='lat' dir='ltr'><strong>dorso</strong></span> <span class='ocrx_word' id='word_1_234' title='bbox 722 1627 882 1656; x_wconf 87' lang='lat' dir='ltr'><strong>vulnerati</strong></span> <span class='ocrx_word' id='word_1_235' title='bbox 911 1626 984 1661; x_wconf 85' lang='lat' dir='ltr'><strong>sint,</strong></span> <span class='ocrx_word' id='word_1_236' title='bbox 1011 1625 1204 1654; x_wconf 81' lang='lat' dir='ltr'><strong>clamaturos</strong></span> <span class='ocrx_word' id='word_1_237' title='bbox 1233 1632 1309 1652; x_wconf 82' lang='lat' dir='ltr'><strong>esse</strong></span> <span class='ocrx_word' id='word_1_238' title='bbox 1337 1622 1419 1653; x_wconf 86' lang='lat' dir='ltr'><strong>dicit.</strong></span> <span class='ocrx_word' id='word_1_239' title='bbox 1450 1622 1569 1652; x_wconf 82' lang='lat' dir='ltr'><strong>Cameli</strong></span> <span class='ocrx_word' id='word_1_240' title='bbox 1598 1622 1708 1651; x_wconf 85' lang='lat' dir='ltr'><strong>annosi</strong></span> <span class='ocrx_word' id='word_1_241' title='bbox 1737 1622 1889 1652; x_wconf 80' lang='lat' dir='ltr'><strong>molestiis</strong></span> <span class='ocrx_word' id='word_1_242' title='bbox 1914 1622 2054 1652; x_wconf 83' lang='lat' dir='ltr'><strong>serendis</strong></span> 
     </span>
     <span class='ocr_line' id='line_1_24' title="bbox 258 1683 2054 1728; baseline -0.005 -6"><span class='ocrx_word' id='word_1_243' title='bbox 258 1692 397 1722; x_wconf 86' lang='lat' dir='ltr'><strong>maxime</strong></span> <span class='ocrx_word' id='word_1_244' title='bbox 424 1690 601 1720; x_wconf 76' lang='lat' dir='ltr'><strong>adsuefacti</strong></span> <span class='ocrx_word' id='word_1_245' title='bbox 627 1699 689 1719; x_wconf 92' lang='lat' dir='ltr'><strong>non</strong></span> <span class='ocrx_word' id='word_1_246' title='bbox 716 1689 864 1728; x_wconf 65' lang='lat' dir='ltr'><strong>clamam7</strong></span> <span class='ocrx_word' id='word_1_247' title='bbox 893 1688 952 1717; x_wconf 89' lang='lat' dir='ltr'><strong>nisi</strong></span> <span class='ocrx_word' id='word_1_248' title='bbox 980 1697 1074 1725; x_wconf 89' lang='lat' dir='ltr'><strong>quum</strong></span> <span class='ocrx_word' id='word_1_249' title='bbox 1101 1686 1219 1715; x_wconf 86' lang='lat' dir='ltr'><strong>vulnus</strong></span> <span class='ocrx_word' id='word_1_250' title='bbox 1248 1684 1310 1714; x_wconf 83' lang='lat' dir='ltr'><strong>tale</strong></span> <span class='ocrx_word' id='word_1_251' title='bbox 1338 1683 1506 1713; x_wconf 87' lang='lat' dir='ltr'><strong>maximum</strong></span> <span class='ocrx_word' id='word_1_252' title='bbox 1527 1684 1572 1713; x_wconf 87' lang='lat' dir='ltr'><strong>eis</strong></span> <span class='ocrx_word' id='word_1_253' title='bbox 1590 1683 1728 1713; x_wconf 88' lang='lat' dir='ltr'><strong>dolorem</strong></span> <span class='ocrx_word' id='word_1_254' title='bbox 1748 1684 1834 1713; x_wconf 80' lang='lat' dir='ltr'><strong>facit.</strong></span> <span class='ocrx_word' id='word_1_255' title='bbox 1862 1684 1938 1714; x_wconf 81' lang='lat' dir='ltr'><strong>Vox</strong></span> <span class='ocrx_word' id='word_1_256' title='bbox 1952 1683 2054 1728; x_wconf 39' lang='lat' dir='ltr'><strong>(ik-4²³&gt;</strong></span> 
     </span>
     <span class='ocr_line' id='line_1_25' title="bbox 261 1744 2056 1794; baseline -0.006 -10"><span class='ocrx_word' id='word_1_257' title='bbox 261 1763 353 1794; x_wconf 87' lang='lat' dir='ltr'><strong>quam</strong></span> <span class='ocrx_word' id='word_1_258' title='bbox 383 1753 422 1783; x_wconf 90' lang='lat' dir='ltr'><strong>de</strong></span> <span class='ocrx_word' id='word_1_259' title='bbox 451 1753 533 1782; x_wconf 89' lang='lat' dir='ltr'><strong>bello</strong></span> <span class='ocrx_word' id='word_1_260' title='bbox 564 1751 717 1791; x_wconf 74' lang='lat' dir='ltr'><strong>adhibuit,</strong></span> <span class='ocrx_word' id='word_1_261' title='bbox 745 1751 784 1780; x_wconf 88' lang='lat' dir='ltr'><strong>de</strong></span> <span class='ocrx_word' id='word_1_262' title='bbox 813 1754 954 1779; x_wconf 84' lang='lat' dir='ltr'><strong>torrente</strong></span> <span class='ocrx_word' id='word_1_263' title='bbox 982 1749 1114 1786; x_wconf 86' lang='lat' dir='ltr'><strong>dicitur,</strong></span> <span class='ocrx_word' id='word_1_264' title='bbox 1145 1747 1234 1777; x_wconf 90' lang='lat' dir='ltr'><strong>cuius</strong></span> <span class='ocrx_word' id='word_1_265' title='bbox 1265 1755 1366 1784; x_wconf 87' lang='lat' dir='ltr'><strong>aquae</strong></span> <span class='ocrx_word' id='word_1_266' title='bbox 1392 1754 1410 1774; x_wconf 95' lang='lat' dir='ltr'><strong>e</strong></span> <span class='ocrx_word' id='word_1_267' title='bbox 1436 1744 1602 1783; x_wconf 84' lang='lat' dir='ltr'><strong>superiore</strong></span> <span class='ocrx_word' id='word_1_268' title='bbox 1629 1745 1697 1774; x_wconf 89' lang='lat' dir='ltr'><strong>loco</strong></span> <span class='ocrx_word' id='word_1_269' title='bbox 1727 1744 1755 1773; x_wconf 89' lang='lat' dir='ltr'><strong>in</strong></span> <span class='ocrx_word' id='word_1_270' title='bbox 1784 1744 1966 1774; x_wconf 86' lang='lat' dir='ltr'><strong>inferiorem</strong></span> <span class='ocrx_word' id='word_1_271' title='bbox 1996 1744 2056 1774; x_wconf 92' lang='lat' dir='ltr'><strong>de-</strong></span> 
     </span>
     <span class='ocr_line' id='line_1_26' title="bbox 259 1805 2057 1848; baseline -0.007 -2"><span class='ocrx_word' id='word_1_272' title='bbox 259 1816 404 1847; x_wconf 82' lang='lat' dir='ltr'><strong>cidentes</strong></span> <span class='ocrx_word' id='word_1_273' title='bbox 431 1824 537 1845; x_wconf 86' lang='lat' dir='ltr'><strong>omnes</strong></span> <span class='ocrx_word' id='word_1_274' title='bbox 565 1824 617 1844; x_wconf 84' lang='lat' dir='ltr'><strong>res</strong></span> <span class='ocrx_word' id='word_1_275' title='bbox 645 1817 674 1844; x_wconf 88' lang='lat' dir='ltr'><strong>ei</strong></span> <span class='ocrx_word' id='word_1_276' title='bbox 702 1814 866 1843; x_wconf 79' lang='lat' dir='ltr'><strong>obstantes</strong></span> <span class='ocrx_word' id='word_1_277' title='bbox 895 1822 1019 1841; x_wconf 88' lang='lat' dir='ltr'><strong>summa</strong></span> <span class='ocrx_word' id='word_1_278' title='bbox 1046 1820 1118 1840; x_wconf 85' lang='lat' dir='ltr'><strong>cum</strong></span> <span class='ocrx_word' id='word_1_279' title='bbox 1146 1812 1180 1840; x_wconf 86' lang='lat' dir='ltr'><strong>vi</strong></span> <span class='ocrx_word' id='word_1_280' title='bbox 1207 1809 1373 1848; x_wconf 89' lang='lat' dir='ltr'><strong>abripiunt.</strong></span> <span class='ocrx_word' id='word_1_281' title='bbox 1427 1807 1564 1838; x_wconf 88' lang='lat' dir='ltr'><strong>Videtur</strong></span> <span class='ocrx_word' id='word_1_282' title='bbox 1591 1807 1688 1847; x_wconf 85' lang='lat' dir='ltr'><strong>igitur</strong></span> <span class='ocrx_word' id='word_1_283' title='bbox 1715 1806 1778 1835; x_wconf 87' lang='lat' dir='ltr'><strong>ista</strong></span> <span class='ocrx_word' id='word_1_284' title='bbox 1804 1815 1886 1835; x_wconf 86' lang='lat' dir='ltr'><strong>voce</strong></span> <span class='ocrx_word' id='word_1_285' title='bbox 1918 1805 2057 1835; x_wconf 84' lang='lat' dir='ltr'><strong>adhibita</strong></span> 
     </span>
     <span class='ocr_line' id='line_1_27' title="bbox 259 1865 2054 1919; baseline -0.008 -11"><span class='ocrx_word' id='word_1_286' title='bbox 259 1878 465 1919; x_wconf 68' lang='lat' dir='ltr'><strong>significare7</strong></span> <span class='ocrx_word' id='word_1_287' title='bbox 501 1878 614 1907; x_wconf 90' lang='lat' dir='ltr'><strong>bellum</strong></span> <span class='ocrx_word' id='word_1_288' title='bbox 653 1876 797 1905; x_wconf 86' lang='lat' dir='ltr'><strong>homines</strong></span> <span class='ocrx_word' id='word_1_289' title='bbox 833 1883 947 1903; x_wconf 88' lang='lat' dir='ltr'><strong>secum</strong></span> <span class='ocrx_word' id='word_1_290' title='bbox 980 1873 1126 1912; x_wconf 79' lang='lat' dir='ltr'><strong>abripere</strong></span> <span class='ocrx_word' id='word_1_291' title='bbox 1163 1871 1255 1901; x_wconf 88' lang='lat' dir='ltr'><strong>modo</strong></span> <span class='ocrx_word' id='word_1_292' title='bbox 1284 1870 1454 1908; x_wconf 83' lang='lat' dir='ltr'><strong>torrentis,</strong></span> <span class='ocrx_word' id='word_1_293' title='bbox 1493 1874 1526 1898; x_wconf 89' lang='lat' dir='ltr'><strong>ut</strong></span> <span class='ocrx_word' id='word_1_294' title='bbox 1555 1868 1711 1898; x_wconf 81' lang='lat' dir='ltr'><strong>clamores</strong></span> <span class='ocrx_word' id='word_1_295' title='bbox 1740 1866 1905 1896; x_wconf 81' lang='lat' dir='ltr'><strong>extollant.</strong></span> <span class='ocrx_word' id='word_1_296' title='bbox 1958 1865 2054 1895; x_wconf 91' lang='lat' dir='ltr'><strong>Paulo</strong></span> 
     </span>
    </p>
   </div>
   <div class='ocr_carea' id='block_1_8' title="bbox 260 1931 2017 1981">
    <p class='ocr_par' dir='ltr' id='par_1_9' title="bbox 260 1931 2017 1981">
     <span class='ocr_line' id='line_1_28' title="bbox 260 1931 2017 1981; baseline -0.005 -11"><span class='ocrx_word' id='word_1_297' title='bbox 260 1940 364 1981; x_wconf 75' lang='lat' dir='ltr'><strong>aliter,</strong></span> <span class='ocrx_word' id='word_1_298' title='bbox 393 1939 656 1979; x_wconf 86' lang='lat' dir='ltr'><strong>quemadmodum</strong></span> <span class='ocrx_word' id='word_1_299' title='bbox 684 1949 701 1968; x_wconf 93' lang='lat' dir='ltr'><strong>e</strong></span> <span class='ocrx_word' id='word_1_300' title='bbox 729 1938 895 1977; x_wconf 82' lang='lat' dir='ltr'><strong>sequentis</strong></span> <span class='ocrx_word' id='word_1_301' title='bbox 922 1946 1041 1966; x_wconf 85' lang='lat' dir='ltr'><strong>versus</strong></span> <span class='ocrx_word' id='word_1_302' title='bbox 1069 1935 1193 1965; x_wconf 88' lang='lat' dir='ltr'><strong>scholio</strong></span> <span class='ocrx_word' id='word_1_303' title='bbox 1221 1933 1332 1963; x_wconf 88' lang='lat' dir='ltr'><strong>videre</strong></span> <span class='ocrx_word' id='word_1_304' title='bbox 1360 1933 1444 1973; x_wconf 73' lang='lat' dir='ltr'><strong>licet,</strong></span> <span class='ocrx_word' id='word_1_305' title='bbox 1472 1932 1664 1962; x_wconf 84' lang='lat' dir='ltr'><strong>scholiastes</strong></span> <span class='ocrx_word' id='word_1_306' title='bbox 1691 1941 1805 1961; x_wconf 86' lang='lat' dir='ltr'><strong>vocem</strong></span> <span class='ocrx_word' id='word_1_307' title='bbox 1833 1931 2017 1970; x_wconf 81' lang='lat' dir='ltr'><strong>explicavit.</strong></span> 
     </span>
    </p>
   </div>
   <div class='ocr_carea' id='block_1_9' title="bbox 264 2032 2059 2128">
    <p class='ocr_par' dir='ltr' id='par_1_10' title="bbox 264 2032 2059 2128">
     <span class='ocr_line' id='line_1_29' title="bbox 264 2032 2059 2080; baseline -0.005 -10"><span class='ocrx_word' id='word_1_308' title='bbox 264 2043 296 2071; x_wconf 77' lang='lat'><strong>2.</strong></span> <span class='ocrx_word' id='word_1_309' title='bbox 319 2041 360 2070; x_wconf 81' lang='lat' dir='ltr'><strong>Id</strong></span> <span class='ocrx_word' id='word_1_310' title='bbox 380 2038 537 2080; x_wconf 73' lang='lat' dir='ltr'><strong>(bellum)</strong></span> <span class='ocrx_word' id='word_1_311' title='bbox 561 2040 707 2069; x_wconf 78' lang='lat' dir='ltr'><strong>nonnulli</strong></span> <span class='ocrx_word' id='word_1_312' title='bbox 725 2041 860 2077; x_wconf 62' lang='lat' dir='ltr'><strong>sufflant,</strong></span> <span class='ocrx_word' id='word_1_313' title='bbox 884 2039 957 2067; x_wconf 83' lang='lat' dir='ltr'><strong>dum</strong></span> <span class='ocrx_word' id='word_1_314' title='bbox 976 2038 1036 2076; x_wconf 78' lang='lat' dir='ltr'><strong>filii</strong></span> <span class='ocrx_word' id='word_1_315' title='bbox 1057 2037 1231 2067; x_wconf 79' lang='lat' dir='ltr'><strong>mulierum,</strong></span> <span class='ocrx_word' id='word_1_316' title='bbox 1257 2045 1338 2073; x_wconf 76' lang='lat' dir='ltr'><strong>qreae</strong></span> <span class='ocrx_word' id='word_1_317' title='bbox 1359 2035 1521 2063; x_wconf 80' lang='lat' dir='ltr'><strong>orbitatem</strong></span> <span class='ocrx_word' id='word_1_318' title='bbox 1543 2035 1699 2071; x_wconf 78' lang='lat' dir='ltr'><strong>patienter</strong></span> <span class='ocrx_word' id='word_1_319' title='bbox 1711 2034 1833 2072; x_wconf 78' lang='lat' dir='ltr'><strong>ferunt,</strong></span> <span class='ocrx_word' id='word_1_320' title='bbox 1856 2034 1923 2061; x_wconf 73' lang='lat' dir='ltr'><strong>eius</strong></span> <span class='ocrx_word' id='word_1_321' title='bbox 1946 2032 2059 2061; x_wconf 83' lang='lat' dir='ltr'><strong>ardore</strong></span> 
     </span>
     <span class='ocr_line' id='line_1_30' title="bbox 1064 2092 1264 2128; baseline -0.005 -9"><span class='ocrx_word' id='word_1_322' title='bbox 1064 2092 1264 2128; x_wconf 80' lang='lat' dir='ltr'><strong>adficiuntur.</strong></span> 
     </span>
    </p>
   </div>
   <div class='ocr_carea' id='block_1_10' title="bbox 265 2159 2057 2267">
    <p class='ocr_par' dir='ltr' id='par_1_11' title="bbox 265 2159 2057 2267">
     <span class='ocr_line' id='line_1_31' title="bbox 362 2159 2056 2205; baseline -0.004 -10"><span class='ocrx_word' id='word_1_323' title='bbox 362 2166 487 2196; x_wconf 89' lang='lat' dir='ltr'><strong>Bellum</strong></span> <span class='ocrx_word' id='word_1_324' title='bbox 514 2170 605 2195; x_wconf 85' lang='lat' dir='ltr'><strong>atrox</strong></span> <span class='ocrx_word' id='word_1_325' title='bbox 632 2166 770 2195; x_wconf 80' lang='lat' dir='ltr'><strong>futurum</strong></span> <span class='ocrx_word' id='word_1_326' title='bbox 799 2176 874 2195; x_wconf 86' lang='lat' dir='ltr'><strong>esse</strong></span> <span class='ocrx_word' id='word_1_327' title='bbox 903 2166 986 2205; x_wconf 66' lang='lat' dir='ltr'><strong>dicit7</strong></span> <span class='ocrx_word' id='word_1_328' title='bbox 1016 2171 1050 2194; x_wconf 88' lang='lat' dir='ltr'><strong>ut</strong></span> <span class='ocrx_word' id='word_1_329' title='bbox 1077 2164 1136 2193; x_wconf 87' lang='lat' dir='ltr'><strong>viri</strong></span> <span class='ocrx_word' id='word_1_330' title='bbox 1164 2164 1264 2194; x_wconf 88' lang='lat' dir='ltr'><strong>minus</strong></span> <span class='ocrx_word' id='word_1_331' title='bbox 1292 2164 1394 2193; x_wconf 86' lang='lat' dir='ltr'><strong>fortes</strong></span> <span class='ocrx_word' id='word_1_332' title='bbox 1422 2161 1460 2191; x_wconf 87' lang='lat' dir='ltr'><strong>ab</strong></span> <span class='ocrx_word' id='word_1_333' title='bbox 1495 2169 1533 2190; x_wconf 87' lang='lat' dir='ltr'><strong>eo</strong></span> <span class='ocrx_word' id='word_1_334' title='bbox 1571 2162 1732 2190; x_wconf 80' lang='lat' dir='ltr'><strong>recessuri</strong></span> <span class='ocrx_word' id='word_1_335' title='bbox 1765 2160 1829 2189; x_wconf 84' lang='lat' dir='ltr'><strong>sint</strong></span> <span class='ocrx_word' id='word_1_336' title='bbox 1865 2164 1898 2189; x_wconf 89' lang='lat' dir='ltr'><strong>et</strong></span> <span class='ocrx_word' id='word_1_337' title='bbox 1932 2159 2056 2189; x_wconf 82' lang='lat' dir='ltr'><strong>nonnisi</strong></span> 
     </span>
     <span class='ocr_line' id='line_1_32' title="bbox 265 2221 2057 2267; baseline -0.004 -9"><span class='ocrx_word' id='word_1_338' title='bbox 265 2229 431 2259; x_wconf 83' lang='lat' dir='ltr'><strong>fortissimi</strong></span> <span class='ocrx_word' id='word_1_339' title='bbox 459 2230 596 2257; x_wconf 84' lang='lat' dir='ltr'><strong>animum</strong></span> <span class='ocrx_word' id='word_1_340' title='bbox 624 2227 653 2256; x_wconf 94' lang='lat' dir='ltr'><strong>in</strong></span> <span class='ocrx_word' id='word_1_341' title='bbox 682 2237 719 2256; x_wconf 89' lang='lat' dir='ltr'><strong>eo</strong></span> <span class='ocrx_word' id='word_1_342' title='bbox 749 2237 809 2257; x_wconf 91' lang='lat' dir='ltr'><strong>non</strong></span> <span class='ocrx_word' id='word_1_343' title='bbox 838 2228 996 2257; x_wconf 81' lang='lat' dir='ltr'><strong>abiiciant.</strong></span> <span class='ocrx_word' id='word_1_344' title='bbox 1050 2226 1170 2256; x_wconf 87' lang='lat' dir='ltr'><strong>Bellum</strong></span> <span class='ocrx_word' id='word_1_345' title='bbox 1199 2235 1269 2255; x_wconf 85' lang='lat' dir='ltr'><strong>cum</strong></span> <span class='ocrx_word' id='word_1_346' title='bbox 1296 2228 1371 2267; x_wconf 84' lang='lat' dir='ltr'><strong>igne</strong></span> <span class='ocrx_word' id='word_1_347' title='bbox 1399 2225 1572 2264; x_wconf 87' lang='lat' dir='ltr'><strong>comparari</strong></span> <span class='ocrx_word' id='word_1_348' title='bbox 1599 2225 1688 2254; x_wconf 87' lang='lat' dir='ltr'><strong>Ham.</strong></span> <span class='ocrx_word' id='word_1_349' title='bbox 1720 2234 1749 2263; x_wconf 87' lang='lat' dir='ltr'><strong>p.</strong></span> <span class='ocrx_word' id='word_1_350' title='bbox 1777 2226 1813 2253; x_wconf 69' lang='grc' dir='ltr'><strong>ίΛ·</strong></span> <span class='ocrx_word' id='word_1_351' title='bbox 1843 2233 1873 2252; x_wconf 90' lang='lat' dir='ltr'><strong>v.</strong></span> <span class='ocrx_word' id='word_1_352' title='bbox 1907 2222 1936 2252; x_wconf 92' lang='lat'><strong>1.</strong></span> <span class='ocrx_word' id='word_1_353' title='bbox 1964 2221 2057 2251; x_wconf 87' lang='lat' dir='ltr'><strong>vide-</strong></span> 
     </span>
    </p>
   </div>
   <div class='ocr_carea' id='block_1_11' title="bbox 265 2283 2057 2329">
    <p class='ocr_par' dir='ltr' id='par_1_12' title="bbox 265 2283 2057 2329">
     <span class='ocr_line' id='line_1_33' title="bbox 265 2283 2057 2329; baseline -0.004 -8"><span class='ocrx_word' id='word_1_354' title='bbox 265 2300 334 2321; x_wconf 89' lang='lat' dir='ltr'><strong>mus</strong></span> <span class='ocrx_word' id='word_1_355' title='bbox 362 2296 394 2320; x_wconf 86' lang='lat' dir='ltr'><strong>et</strong></span> <span class='ocrx_word' id='word_1_356' title='bbox 420 2291 513 2320; x_wconf 86' lang='lat' dir='ltr'><strong>llam.</strong></span> <span class='ocrx_word' id='word_1_357' title='bbox 542 2300 571 2329; x_wconf 88' lang='lat' dir='ltr'><strong>p.</strong></span> <span class='ocrx_word' id='word_1_358' title='bbox 599 2290 633 2318; x_wconf 84' lang='lat' dir='ltr'><strong>l‘l‘l</strong></span> <span class='ocrx_word' id='word_1_359' title='bbox 663 2299 694 2317; x_wconf 80' lang='lat' dir='ltr'><strong>v.</strong></span> <span class='ocrx_word' id='word_1_360' title='bbox 721 2288 752 2317; x_wconf 87' lang='lat'><strong>3.</strong></span> <span class='ocrx_word' id='word_1_361' title='bbox 781 2290 851 2327; x_wconf 89' lang='lat' dir='ltr'><strong>ipso</strong></span> <span class='ocrx_word' id='word_1_362' title='bbox 879 2288 976 2317; x_wconf 83' lang='lat' dir='ltr'><strong>verbo</strong></span> <span class='ocrx_word' id='word_1_363' title='bbox 1004 2288 1065 2326; x_wconf 50' lang='lat' dir='ltr'><strong>guo</strong></span> <span class='ocrx_word' id='word_1_364' title='bbox 1093 2292 1190 2327; x_wconf 85' lang='lat' dir='ltr'><strong>poeta</strong></span> <span class='ocrx_word' id='word_1_365' title='bbox 1224 2296 1303 2316; x_wconf 87' lang='lat' dir='ltr'><strong>usus</strong></span> <span class='ocrx_word' id='word_1_366' title='bbox 1339 2291 1398 2316; x_wconf 85' lang='lat' dir='ltr'><strong>est.</strong></span> <span class='ocrx_word' id='word_1_367' title='bbox 1459 2287 1502 2316; x_wconf 84' lang='lat' dir='ltr'><strong>Ut</strong></span> <span class='ocrx_word' id='word_1_368' title='bbox 1542 2286 1729 2316; x_wconf 86' lang='lat' dir='ltr'><strong>fortissimos</strong></span> <span class='ocrx_word' id='word_1_369' title='bbox 1767 2285 1935 2326; x_wconf 74' lang='lat' dir='ltr'><strong>designet,</strong></span> <span class='ocrx_word' id='word_1_370' title='bbox 1976 2283 2057 2313; x_wconf 84' lang='lat' dir='ltr'><strong>filios</strong></span> 
     </span>
    </p>
   </div>
   <div class='ocr_carea' id='block_1_12' title="bbox 265 2347 2049 2391">
    <p class='ocr_par' dir='ltr' id='par_1_13' title="bbox 265 2347 2049 2391">
     <span class='ocr_line' id='line_1_34' title="bbox 265 2347 2049 2391; baseline -0.003 -8"><span class='ocrx_word' id='word_1_371' title='bbox 265 2354 429 2384; x_wconf 85' lang='lat' dir='ltr'><strong>mulierum</strong></span> <span class='ocrx_word' id='word_1_372' title='bbox 455 2353 621 2382; x_wconf 73' lang='lat' dir='ltr'><strong>orbitatem</strong></span> <span class='ocrx_word' id='word_1_373' title='bbox 649 2351 807 2391; x_wconf 84' lang='lat' dir='ltr'><strong>patienter</strong></span> <span class='ocrx_word' id='word_1_374' title='bbox 834 2350 1000 2381; x_wconf 79' lang='lat' dir='ltr'><strong>ferentium</strong></span> <span class='ocrx_word' id='word_1_375' title='bbox 1028 2350 1117 2380; x_wconf 81' lang='lat' dir='ltr'><strong>dixit.</strong></span> <span class='ocrx_word' id='word_1_376' title='bbox 1173 2349 1234 2387; x_wconf 88' lang='lat' dir='ltr'><strong>Qui</strong></span> <span class='ocrx_word' id='word_1_377' title='bbox 1268 2349 1307 2379; x_wconf 94' lang='lat' dir='ltr'><strong>ad</strong></span> <span class='ocrx_word' id='word_1_378' title='bbox 1342 2359 1406 2378; x_wconf 86' lang='lat' dir='ltr'><strong>rem</strong></span> <span class='ocrx_word' id='word_1_379' title='bbox 1440 2350 1646 2379; x_wconf 74' lang='lat' dir='ltr'><strong>adsuefactus</strong></span> <span class='ocrx_word' id='word_1_380' title='bbox 1681 2354 1753 2390; x_wconf 79' lang='lat' dir='ltr'><strong>est,</strong></span> <span class='ocrx_word' id='word_1_381' title='bbox 1797 2358 1867 2378; x_wconf 89' lang='lat' dir='ltr'><strong>eam</strong></span> <span class='ocrx_word' id='word_1_382' title='bbox 1894 2347 2049 2388; x_wconf 77' lang='lat' dir='ltr'><strong>patienter</strong></span> 
     </span>
    </p>
   </div>
   <div class='ocr_carea' id='block_1_13' title="bbox 284 2433 2054 2603">
    <p class='ocr_par' dir='ltr' id='par_1_14' title="bbox 288 2433 2051 2463">
     <span class='ocr_line' id='line_1_35' title="bbox 288 2433 2051 2463; baseline -0.001 -4"><span class='ocrx_word' id='word_1_383' title='bbox 288 2437 314 2463; x_wconf 85' lang='lat'><strong>1)</strong></span> <span class='ocrx_word' id='word_1_384' title='bbox 335 2437 416 2459; x_wconf 70' lang='lat' dir='ltr'><strong>Poeta</strong></span> <span class='ocrx_word' id='word_1_385' title='bbox 434 2435 550 2458; x_wconf 80' lang='lat' dir='ltr'><strong>ann&#39;ulos</strong></span> <span class='ocrx_word' id='word_1_386' title='bbox 570 2434 730 2458; x_wconf 82' lang='lat' dir='ltr'><strong>coniunctos</strong></span> <span class='ocrx_word' id='word_1_387' title='bbox 749 2440 807 2457; x_wconf 80' lang='lat' dir='ltr'><strong>cuni</strong></span> <span class='ocrx_word' id='word_1_388' title='bbox 820 2436 927 2456; x_wconf 77' lang='lat' dir='ltr'><strong>textura</strong></span> <span class='ocrx_word' id='word_1_389' title='bbox 938 2434 1105 2463; x_wconf 75' lang='lat' dir='ltr'><strong>comparavit</strong></span> <span class='ocrx_word' id='word_1_390' title='bbox 1116 2437 1142 2456; x_wconf 78' lang='lat' dir='ltr'><strong>et</strong></span> <span class='ocrx_word' id='word_1_391' title='bbox 1153 2433 1342 2456; x_wconf 74' lang='lat' dir='ltr'><strong>fabricatorem</strong></span> <span class='ocrx_word' id='word_1_392' title='bbox 1354 2438 1411 2455; x_wconf 76' lang='lat' dir='ltr'><strong>cuin</strong></span> <span class='ocrx_word' id='word_1_393' title='bbox 1424 2435 1541 2456; x_wconf 81' lang='lat' dir='ltr'><strong>textore.</strong></span> <span class='ocrx_word' id='word_1_394' title='bbox 1561 2433 1591 2456; x_wconf 85' lang='lat' dir='ltr'><strong>Ei</strong></span> <span class='ocrx_word' id='word_1_395' title='bbox 1602 2437 1726 2463; x_wconf 79' lang='lat' dir='ltr'><strong>tanquam</strong></span> <span class='ocrx_word' id='word_1_396' title='bbox 1739 2433 1805 2456; x_wconf 84' lang='lat' dir='ltr'><strong>vesti</strong></span> <span class='ocrx_word' id='word_1_397' title='bbox 1817 2433 1939 2456; x_wconf 78' lang='lat' dir='ltr'><strong>lacinium</strong></span> <span class='ocrx_word' id='word_1_398' title='bbox 1952 2433 2051 2457; x_wconf 78' lang='lat' dir='ltr'><strong>addidit</strong></span> 
     </span>
    </p>

    <p class='ocr_par' dir='ltr' id='par_1_15' title="bbox 285 2478 2054 2557">
     <span class='ocr_line' id='line_1_36' title="bbox 285 2478 2054 2511; baseline -0.001 -7"><span class='ocrx_word' id='word_1_399' title='bbox 285 2482 316 2509; x_wconf 82' lang='grc'><strong>2)</strong></span> <span class='ocrx_word' id='word_1_400' title='bbox 335 2481 442 2511; x_wconf 85' lang='lat' dir='ltr'><strong>Equites</strong></span> <span class='ocrx_word' id='word_1_401' title='bbox 462 2482 485 2504; x_wconf 84' lang='lat' dir='ltr'><strong>in</strong></span> <span class='ocrx_word' id='word_1_402' title='bbox 506 2487 620 2511; x_wconf 82' lang='lat' dir='ltr'><strong>pugnam</strong></span> <span class='ocrx_word' id='word_1_403' title='bbox 638 2481 670 2503; x_wconf 82' lang='lat' dir='ltr'><strong>ad</strong></span> <span class='ocrx_word' id='word_1_404' title='bbox 691 2479 778 2503; x_wconf 82' lang='lat' dir='ltr'><strong>lacum</strong></span> <span class='ocrx_word' id='word_1_405' title='bbox 798 2479 890 2503; x_wconf 81' lang='lat' dir='ltr'><strong>mortis</strong></span> <span class='ocrx_word' id='word_1_406' title='bbox 910 2482 1070 2508; x_wconf 71' lang='lat' dir='ltr'><strong>proruentes</strong></span> <span class='ocrx_word' id='word_1_407' title='bbox 1097 2486 1154 2502; x_wconf 88' lang='lat' dir='ltr'><strong>cnm</strong></span> <span class='ocrx_word' id='word_1_408' title='bbox 1178 2478 1287 2501; x_wconf 79' lang='lat' dir='ltr'><strong>camelis</strong></span> <span class='ocrx_word' id='word_1_409' title='bbox 1317 2478 1349 2500; x_wconf 81' lang='lat' dir='ltr'><strong>ad</strong></span> <span class='ocrx_word' id='word_1_410' title='bbox 1375 2478 1478 2509; x_wconf 72' lang='lat' dir='ltr'><strong>lacum,</strong></span> <span class='ocrx_word' id='word_1_411' title='bbox 1505 2482 1532 2501; x_wconf 89' lang='lat' dir='ltr'><strong>ut</strong></span> <span class='ocrx_word' id='word_1_412' title='bbox 1557 2479 1662 2510; x_wconf 74' lang='lat' dir='ltr'><strong>bibant,</strong></span> <span class='ocrx_word' id='word_1_413' title='bbox 1688 2479 1855 2502; x_wconf 78' lang='lat' dir='ltr'><strong>venientibus</strong></span> <span class='ocrx_word' id='word_1_414' title='bbox 1879 2479 2054 2509; x_wconf 72' lang='lat' dir='ltr'><strong>comparavit.</strong></span> 
     </span>
     <span class='ocr_line' id='line_1_37' title="bbox 335 2524 1856 2557; baseline -0.001 -7"><span class='ocrx_word' id='word_1_415' title='bbox 335 2527 374 2550; x_wconf 86' lang='lat' dir='ltr'><strong>Ne</strong></span> <span class='ocrx_word' id='word_1_416' title='bbox 393 2530 479 2550; x_wconf 85' lang='lat' dir='ltr'><strong>autem</strong></span> <span class='ocrx_word' id='word_1_417' title='bbox 498 2527 565 2550; x_wconf 90' lang='lat' dir='ltr'><strong>ordo</strong></span> <span class='ocrx_word' id='word_1_418' title='bbox 583 2526 696 2556; x_wconf 74' lang='lat' dir='ltr'><strong>agminis</strong></span> <span class='ocrx_word' id='word_1_419' title='bbox 716 2527 849 2557; x_wconf 76' lang='lat' dir='ltr'><strong>turbetur,</strong></span> <span class='ocrx_word' id='word_1_420' title='bbox 869 2525 1042 2555; x_wconf 71' lang='lat' dir='ltr'><strong>fortissimos,</strong></span> <span class='ocrx_word' id='word_1_421' title='bbox 1061 2525 1103 2555; x_wconf 89' lang='lat' dir='ltr'><strong>qui</strong></span> <span class='ocrx_word' id='word_1_422' title='bbox 1122 2525 1232 2554; x_wconf 85' lang='lat' dir='ltr'><strong>primum</strong></span> <span class='ocrx_word' id='word_1_423' title='bbox 1252 2524 1276 2548; x_wconf 85' lang='lat' dir='ltr'><strong>in</strong></span> <span class='ocrx_word' id='word_1_424' title='bbox 1297 2531 1411 2555; x_wconf 76' lang='lat' dir='ltr'><strong>pugnarn</strong></span> <span class='ocrx_word' id='word_1_425' title='bbox 1432 2532 1558 2554; x_wconf 83' lang='lat' dir='ltr'><strong>proruere</strong></span> <span class='ocrx_word' id='word_1_426' title='bbox 1580 2526 1681 2555; x_wconf 79' lang='lat' dir='ltr'><strong>volunt,</strong></span> <span class='ocrx_word' id='word_1_427' title='bbox 1700 2525 1856 2549; x_wconf 79' lang='lat' dir='ltr'><strong>retinentur.</strong></span> 
     </span>
    </p>

    <p class='ocr_par' dir='ltr' id='par_1_16' title="bbox 284 2570 1445 2603">
     <span class='ocr_line' id='line_1_38' title="bbox 284 2570 1445 2603; baseline -0.002 -8"><span class='ocrx_word' id='word_1_428' title='bbox 284 2574 315 2600; x_wconf 76' lang='lat'><strong>3)</strong></span> <span class='ocrx_word' id='word_1_429' title='bbox 334 2572 429 2603; x_wconf 66' lang='lat' dir='ltr'><strong>siguo,</strong></span> <span class='ocrx_word' id='word_1_430' title='bbox 448 2579 499 2602; x_wconf 86' lang='lat' dir='ltr'><strong>quo</strong></span> <span class='ocrx_word' id='word_1_431' title='bbox 519 2572 680 2595; x_wconf 73' lang='lat' dir='ltr'><strong>fortissimus</strong></span> <span class='ocrx_word' id='word_1_432' title='bbox 699 2572 809 2602; x_wconf 84' lang='lat' dir='ltr'><strong>quisque</strong></span> <span class='ocrx_word' id='word_1_433' title='bbox 827 2579 843 2595; x_wconf 80' lang='lat' dir='ltr'><strong>a</strong></span> <span class='ocrx_word' id='word_1_434' title='bbox 862 2571 969 2602; x_wconf 86' lang='lat' dir='ltr'><strong>reliquis</strong></span> <span class='ocrx_word' id='word_1_435' title='bbox 990 2571 1014 2595; x_wconf 88' lang='lat' dir='ltr'><strong>iu</strong></span> <span class='ocrx_word' id='word_1_436' title='bbox 1034 2577 1127 2602; x_wconf 74' lang='lat' dir='ltr'><strong>pugna</strong></span> <span class='ocrx_word' id='word_1_437' title='bbox 1144 2578 1173 2594; x_wconf 81' lang='lat' dir='ltr'><strong>se</strong></span> <span class='ocrx_word' id='word_1_438' title='bbox 1192 2571 1348 2595; x_wconf 73' lang='lat' dir='ltr'><strong>discernere</strong></span> <span class='ocrx_word' id='word_1_439' title='bbox 1366 2570 1445 2594; x_wconf 79' lang='lat' dir='ltr'><strong>solet.</strong></span> 
     </span>
    </p>
   </div>
  </div>
 </body>
</html>
