<?xml version="1.0" encoding="UTF-8"?>
<!DOCTYPE html PUBLIC "-//W3C//DTD XHTML 1.0 Transitional//EN"
    "http://www.w3.org/TR/xhtml1/DTD/xhtml1-transitional.dtd">
<html xmlns="http://www.w3.org/1999/xhtml" xml:lang="en" lang="en">
 <head>
  <title>
</title>
<meta http-equiv="Content-Type" content="text/html;charset=utf-8" />
  <meta name='ocr-system' content='tesseract 3.04.00' />
  <meta name='ocr-capabilities' content='ocr_page ocr_carea ocr_par ocr_line ocrx_word'/>
</head>
<body>
  <div class='ocr_page' id='page_1' title='image "./p1hamassaecarmin02abbiuoft_0262.png"; bbox 0 0 2247 2865; ppageno 0'>
   <div class='ocr_carea' id='block_1_1' title="bbox 1018 101 1288 132">
    <p class='ocr_par' dir='ltr' id='par_1_1' title="bbox 1018 101 1288 132">
     <span class='ocr_line' id='line_1_1' title="bbox 1018 101 1288 132; baseline -0.007 1"><span class='ocrx_word' id='word_1_1' title='bbox 1018 101 1288 132; x_wconf 77' lang='lat'>—226—</span> 
     </span>
    </p>
   </div>
   <div class='ocr_carea' id='block_1_2' title="bbox 256 198 2052 619">
    <p class='ocr_par' dir='ltr' id='par_1_2' title="bbox 256 198 2052 619">
     <span class='ocr_line' id='line_1_2' title="bbox 258 198 2049 240; baseline -0.001 -6"><span class='ocrx_word' id='word_1_2' title='bbox 258 203 502 235; x_wconf 80' lang='lat' dir='ltr'><strong>Mohammedes</strong></span> <span class='ocrx_word' id='word_1_3' title='bbox 531 204 679 234; x_wconf 83' lang='lat' dir='ltr'><strong>Alahrabi</strong></span> <span class='ocrx_word' id='word_1_4' title='bbox 717 203 905 234; x_wconf 84' lang='lat' dir='ltr'><strong>Namaritae</strong></span> <span class='ocrx_word' id='word_1_5' title='bbox 944 200 1134 232; x_wconf 69' lang='lat' dir='ltr'><strong>seutentiam*</strong></span> <span class='ocrx_word' id='word_1_6' title='bbox 1173 202 1324 232; x_wconf 72' lang='lat' dir='ltr'><strong>refellens</strong></span> <span class='ocrx_word' id='word_1_7' title='bbox 1362 211 1404 231; x_wconf 81' lang='lat' dir='ltr'><strong>ox</strong></span> <span class='ocrx_word' id='word_1_8' title='bbox 1443 209 1528 231; x_wconf 84' lang='lat' dir='ltr'><strong>more</strong></span> <span class='ocrx_word' id='word_1_9' title='bbox 1563 210 1624 232; x_wconf 78' lang='lat' dir='ltr'><strong>suo</strong></span> <span class='ocrx_word' id='word_1_10' title='bbox 1651 201 1824 240; x_wconf 85' lang='lat' dir='ltr'><strong>proverbio</strong></span> <span class='ocrx_word' id='word_1_11' title='bbox 1838 198 1949 232; x_wconf 50' lang='lat' dir='ltr'><strong>*usus-³</strong></span> <span class='ocrx_word' id='word_1_12' title='bbox 1968 206 2049 232; x_wconf 46' lang='grc' dir='ltr'><strong>’δαῖτ’</strong></span> 
     </span>
     <span class='ocr_line' id='line_1_3' title="bbox 258 261 2049 303; baseline -0.003 -6"><span class='ocrx_word' id='word_1_13' title='bbox 258 267 492 298; x_wconf 80' lang='lat' dir='ltr'><strong>Multitudo</strong></span> <span class='ocrx_word' id='word_1_14' title='bbox 519 268 744 297; x_wconf 84' lang='lat' dir='ltr'><strong>verborum</strong></span> <span class='ocrx_word' id='word_1_15' title='bbox 773 265 924 295; x_wconf 84' lang='lat' dir='ltr'><strong>amoris</strong></span> <span class='ocrx_word' id='word_1_16' title='bbox 953 264 1114 303; x_wconf 88' lang='lat' dir='ltr'><strong>proprii</strong></span> <span class='ocrx_word' id='word_1_17' title='bbox 1144 265 1261 302; x_wconf 66' lang='grc' dir='ltr'>θεῖ’).</span> <span class='ocrx_word' id='word_1_18' title='bbox 1301 263 1345 293; x_wconf 87' lang='lat' dir='ltr'><strong>Se</strong></span> <span class='ocrx_word' id='word_1_19' title='bbox 1376 268 1484 293; x_wconf 81' lang='lat' dir='ltr'><strong>autem</strong></span> <span class='ocrx_word' id='word_1_20' title='bbox 1514 272 1576 292; x_wconf 90' lang='lat' dir='ltr'><strong>non</strong></span> <span class='ocrx_word' id='word_1_21' title='bbox 1601 262 1734 302; x_wconf 82' lang='lat' dir='ltr'><strong>videre,</strong></span> <span class='ocrx_word' id='word_1_22' title='bbox 1770 262 1927 303; x_wconf 87' lang='lat' dir='ltr'><strong>quomodo</strong></span> <span class='ocrx_word' id='word_1_23' title='bbox 1952 261 2049 292; x_wconf 80' lang='lat' dir='ltr'><strong>iudex</strong></span> 
     </span>
     <span class='ocr_line' id='line_1_4' title="bbox 258 325 2049 365; baseline -0.003 -6"><span class='ocrx_word' id='word_1_24' title='bbox 258 330 289 359; x_wconf 90' lang='lat' dir='ltr'><strong>in</strong></span> <span class='ocrx_word' id='word_1_25' title='bbox 315 339 415 359; x_wconf 83' lang='lat' dir='ltr'><strong>versu</strong></span> <span class='ocrx_word' id='word_1_26' title='bbox 443 334 711 359; x_wconf 75' lang='lat' dir='ltr'><strong>commemoratus</strong></span> <span class='ocrx_word' id='word_1_27' title='bbox 741 327 850 357; x_wconf 78' lang='lat' dir='ltr'><strong>Ahmir</strong></span> <span class='ocrx_word' id='word_1_28' title='bbox 878 327 908 355; x_wconf 88' lang='lat' dir='ltr'><strong>b.</strong></span> <span class='ocrx_word' id='word_1_29' title='bbox 936 327 1102 356; x_wconf 81' lang='lat' dir='ltr'><strong>Althsarib</strong></span> <span class='ocrx_word' id='word_1_30' title='bbox 1120 325 1315 356; x_wconf 80' lang='lat' dir='ltr'><strong>Ahdwanita</strong></span> <span class='ocrx_word' id='word_1_31' title='bbox 1333 335 1409 355; x_wconf 87' lang='lat' dir='ltr'><strong>esse</strong></span> <span class='ocrx_word' id='word_1_32' title='bbox 1425 325 1541 365; x_wconf 81' lang='lat' dir='ltr'><strong>possit,</strong></span> <span class='ocrx_word' id='word_1_33' title='bbox 1568 326 1685 365; x_wconf 86' lang='lat' dir='ltr'><strong>quippe</strong></span> <span class='ocrx_word' id='word_1_34' title='bbox 1706 326 1756 365; x_wconf 86' lang='lat' dir='ltr'><strong>qui</strong></span> <span class='ocrx_word' id='word_1_35' title='bbox 1772 325 1928 356; x_wconf 88' lang='lat' dir='ltr'><strong>ducentos</strong></span> <span class='ocrx_word' id='word_1_36' title='bbox 1947 333 2049 355; x_wconf 83' lang='lat' dir='ltr'><strong>annos</strong></span> 
     </span>
     <span class='ocr_line' id='line_1_5' title="bbox 258 387 2050 427; baseline -0.003 -6"><span class='ocrx_word' id='word_1_37' title='bbox 258 395 333 421; x_wconf 82' lang='lat' dir='ltr'><strong>ante</strong></span> <span class='ocrx_word' id='word_1_38' title='bbox 359 391 510 421; x_wconf 86' lang='lat' dir='ltr'><strong>Islamum</strong></span> <span class='ocrx_word' id='word_1_39' title='bbox 538 391 666 420; x_wconf 81' lang='lat' dir='ltr'><strong>vixerit.</strong></span> <span class='ocrx_word' id='word_1_40' title='bbox 694 389 879 418; x_wconf 81' lang='lat' dir='ltr'><strong>Horaitsum</strong></span> <span class='ocrx_word' id='word_1_41' title='bbox 906 388 936 417; x_wconf 90' lang='lat' dir='ltr'><strong>b.</strong></span> <span class='ocrx_word' id='word_1_42' title='bbox 963 387 1100 418; x_wconf 86' lang='lat' dir='ltr'><strong>Ahnnab</strong></span> <span class='ocrx_word' id='word_1_43' title='bbox 1126 392 1271 427; x_wconf 87' lang='lat' dir='ltr'><strong>tempore</strong></span> <span class='ocrx_word' id='word_1_44' title='bbox 1288 387 1418 418; x_wconf 81' lang='lat' dir='ltr'><strong>Ohmari</strong></span> <span class='ocrx_word' id='word_1_45' title='bbox 1437 389 1600 418; x_wconf 88' lang='lat' dir='ltr'><strong>viventem</strong></span> <span class='ocrx_word' id='word_1_46' title='bbox 1619 397 1722 427; x_wconf 83' lang='lat' dir='ltr'><strong>usque</strong></span> <span class='ocrx_word' id='word_1_47' title='bbox 1743 387 1782 418; x_wconf 85' lang='lat' dir='ltr'><strong>ad</strong></span> <span class='ocrx_word' id='word_1_48' title='bbox 1797 387 2050 427; x_wconf 84' lang='lat' dir='ltr'><strong>Moahwijahum</strong></span> 
     </span>
     <span class='ocr_line' id='line_1_6' title="bbox 256 450 2050 492; baseline -0.002 -8"><span class='ocrx_word' id='word_1_49' title='bbox 256 454 341 484; x_wconf 76' lang='lat' dir='ltr'><strong>iuius</strong></span> <span class='ocrx_word' id='word_1_50' title='bbox 369 463 525 484; x_wconf 85' lang='lat' dir='ltr'><strong>coaevum</strong></span> <span class='ocrx_word' id='word_1_51' title='bbox 551 463 611 482; x_wconf 90' lang='lat' dir='ltr'><strong>non</strong></span> <span class='ocrx_word' id='word_1_52' title='bbox 639 462 727 482; x_wconf 86' lang='lat' dir='ltr'><strong>esse.</strong></span> <span class='ocrx_word' id='word_1_53' title='bbox 755 451 891 481; x_wconf 80' lang='lat' dir='ltr'><strong>iudicem</strong></span> <span class='ocrx_word' id='word_1_54' title='bbox 919 450 1028 491; x_wconf 76' lang='lat' dir='ltr'><strong>gentis</strong></span> <span class='ocrx_word' id='word_1_55' title='bbox 1055 451 1275 480; x_wconf 74' lang='lat' dir='ltr'><strong>Kais-Aihlan</strong></span> <span class='ocrx_word' id='word_1_56' title='bbox 1296 452 1466 482; x_wconf 81' lang='lat' dir='ltr'><strong>Haremum</strong></span> <span class='ocrx_word' id='word_1_57' title='bbox 1490 452 1519 481; x_wconf 86' lang='lat' dir='ltr'><strong>b.</strong></span> <span class='ocrx_word' id='word_1_58' title='bbox 1543 452 1693 482; x_wconf 87' lang='lat' dir='ltr'><strong>Kothbah</strong></span> <span class='ocrx_word' id='word_1_59' title='bbox 1709 453 1738 482; x_wconf 90' lang='lat' dir='ltr'><strong>b.</strong></span> <span class='ocrx_word' id='word_1_60' title='bbox 1754 452 1862 492; x_wconf 82' lang='lat' dir='ltr'><strong>Sajjar</strong></span> <span class='ocrx_word' id='word_1_61' title='bbox 1881 452 1900 481; x_wconf 91' lang='lat' dir='ltr'>b</span> <span class='ocrx_word' id='word_1_62' title='bbox 1929 451 2050 481; x_wconf 83' lang='lat' dir='ltr'><strong>Ahmru</strong></span> 
     </span>
     <span class='ocr_line' id='line_1_7' title="bbox 257 509 2052 555; baseline -0.002 -9"><span class='ocrx_word' id='word_1_63' title='bbox 257 515 449 555; x_wconf 81' lang='lat' dir='ltr'><strong>Fesaritam,</strong></span> <span class='ocrx_word' id='word_1_64' title='bbox 477 515 608 546; x_wconf 85' lang='lat' dir='ltr'><strong>iudicem</strong></span> <span class='ocrx_word' id='word_1_65' title='bbox 637 514 759 553; x_wconf 83' lang='lat' dir='ltr'><strong>(conf.</strong></span> <span class='ocrx_word' id='word_1_66' title='bbox 786 514 985 544; x_wconf 71' lang='lat' dir='ltr'><strong>Rasmussen</strong></span> <span class='ocrx_word' id='word_1_67' title='bbox 1013 512 1244 550; x_wconf 64' lang='lat' dir='ltr'><strong>Additam.³⁹i²)</strong></span> <span class='ocrx_word' id='word_1_68' title='bbox 1261 518 1368 542; x_wconf 81' lang='lat' dir='ltr'><strong>antem</strong></span> <span class='ocrx_word' id='word_1_69' title='bbox 1391 514 1532 553; x_wconf 82' lang='lat' dir='ltr'><strong>gentium</strong></span> <span class='ocrx_word' id='word_1_70' title='bbox 1561 514 1684 544; x_wconf 83' lang='lat' dir='ltr'><strong>Rabiah</strong></span> <span class='ocrx_word' id='word_1_71' title='bbox 1713 514 1904 554; x_wconf 78' lang='lat' dir='ltr'><strong>Daghfnium</strong></span> <span class='ocrx_word' id='word_1_72' title='bbox 1932 522 2009 543; x_wconf 80' lang='lat' dir='ltr'><strong>esse</strong></span> <span class='ocrx_word' id='word_1_73' title='bbox 2022 509 2052 554; x_wconf 72' lang='lat'><strong>³²)</strong></span> 
     </span>
     <span class='ocr_line' id='line_1_8' title="bbox 258 574 2052 619; baseline -0.003 -11"><span class='ocrx_word' id='word_1_74' title='bbox 258 579 324 617; x_wconf 82' lang='lat' dir='ltr'><strong>(sic</strong></span> <span class='ocrx_word' id='word_1_75' title='bbox 359 577 529 619; x_wconf 83' lang='lat' dir='ltr'><strong>legendum</strong></span> <span class='ocrx_word' id='word_1_76' title='bbox 567 579 647 617; x_wconf 87' lang='lat' dir='ltr'><strong>est).</strong></span> <span class='ocrx_word' id='word_1_77' title='bbox 690 576 816 608; x_wconf 85' lang='lat' dir='ltr'><strong>Gentes</strong></span> <span class='ocrx_word' id='word_1_78' title='bbox 847 576 971 606; x_wconf 71' lang='lat' dir='ltr'><strong>Rabiah</strong></span> <span class='ocrx_word' id='word_1_79' title='bbox 1009 579 1114 606; x_wconf 81' lang='lat' dir='ltr'><strong>autern</strong></span> <span class='ocrx_word' id='word_1_80' title='bbox 1142 584 1219 605; x_wconf 85' lang='lat' dir='ltr'><strong>esse</strong></span> <span class='ocrx_word' id='word_1_81' title='bbox 1246 574 1347 604; x_wconf 82' lang='lat' dir='ltr'><strong>Dsohi</strong></span> <span class='ocrx_word' id='word_1_82' title='bbox 1376 576 1405 604; x_wconf 89' lang='lat' dir='ltr'><strong>b.</strong></span> <span class='ocrx_word' id='word_1_83' title='bbox 1433 575 1593 606; x_wconf 84' lang='lat' dir='ltr'><strong>Schaiban</strong></span> <span class='ocrx_word' id='word_1_84' title='bbox 1619 577 1649 608; x_wconf 90' lang='lat' dir='ltr'><strong>b.</strong></span> <span class='ocrx_word' id='word_1_85' title='bbox 1676 577 1860 608; x_wconf 81' lang='lat' dir='ltr'><strong>&#39;l&#39;sahlebah</strong></span> <span class='ocrx_word' id='word_1_86' title='bbox 1888 581 1920 606; x_wconf 86' lang='lat' dir='ltr'><strong>et</strong></span> <span class='ocrx_word' id='word_1_87' title='bbox 1947 574 2052 605; x_wconf 80' lang='lat' dir='ltr'><strong>Dsohl</strong></span> 
     </span>
    </p>
   </div>
   <div class='ocr_carea' id='block_1_3' title="bbox 258 637 2014 679">
    <p class='ocr_par' dir='ltr' id='par_1_3' title="bbox 258 637 2014 679">
     <span class='ocr_line' id='line_1_9' title="bbox 258 637 2014 679; baseline -0.002 -10"><span class='ocrx_word' id='word_1_88' title='bbox 258 640 287 670; x_wconf 84' lang='lat' dir='ltr'><strong>b.</strong></span> <span class='ocrx_word' id='word_1_89' title='bbox 317 640 509 670; x_wconf 82' lang='lat' dir='ltr'><strong>Tsahlebah.</strong></span> <span class='ocrx_word' id='word_1_90' title='bbox 540 641 622 670; x_wconf 76' lang='lat' dir='ltr'><strong>Eum</strong></span> <span class='ocrx_word' id='word_1_91' title='bbox 649 644 796 679; x_wconf 83' lang='lat' dir='ltr'><strong>patruum</strong></span> <span class='ocrx_word' id='word_1_92' title='bbox 826 638 939 669; x_wconf 88' lang='lat' dir='ltr'><strong>Dsohli</strong></span> <span class='ocrx_word' id='word_1_93' title='bbox 968 638 996 671; x_wconf 79' lang='lat' dir='ltr'><strong>b.</strong></span> <span class='ocrx_word' id='word_1_94' title='bbox 1025 637 1185 667; x_wconf 71' lang='lat' dir='ltr'><strong>Schaiban</strong></span> <span class='ocrx_word' id='word_1_95' title='bbox 1211 647 1289 667; x_wconf 82' lang='lat' dir='ltr'><strong>esse</strong></span> <span class='ocrx_word' id='word_1_96' title='bbox 1316 642 1350 668; x_wconf 84' lang='lat' dir='ltr'><strong>et</strong></span> <span class='ocrx_word' id='word_1_97' title='bbox 1377 642 1523 678; x_wconf 84' lang='lat' dir='ltr'><strong>patruum</strong></span> <span class='ocrx_word' id='word_1_98' title='bbox 1549 639 1610 669; x_wconf 86' lang='lat' dir='ltr'><strong>viri</strong></span> <span class='ocrx_word' id='word_1_99' title='bbox 1639 639 1739 679; x_wconf 82' lang='lat' dir='ltr'><strong>patris</strong></span> <span class='ocrx_word' id='word_1_100' title='bbox 1767 640 1869 669; x_wconf 87' lang='lat' dir='ltr'><strong>iocum</strong></span> <span class='ocrx_word' id='word_1_101' title='bbox 1896 642 2014 669; x_wconf 81' lang='lat' dir='ltr'><strong>tenere.</strong></span> 
     </span>
    </p>
   </div>
   <div class='ocr_carea' id='block_1_4' title="bbox 256 761 2053 1178">
    <p class='ocr_par' dir='ltr' id='par_1_4' title="bbox 256 761 2052 851">
     <span class='ocr_line' id='line_1_10' title="bbox 256 761 2052 801; baseline -0.002 -9"><span class='ocrx_word' id='word_1_102' title='bbox 256 763 300 792; x_wconf 63' lang='lat'><strong>3:</strong></span> <span class='ocrx_word' id='word_1_103' title='bbox 317 763 381 792; x_wconf 83' lang='lat' dir='ltr'><strong>Vos</strong></span> <span class='ocrx_word' id='word_1_104' title='bbox 401 765 638 801; x_wconf 76' lang='lat' dir='ltr'><em>percussimus,</em></span> <span class='ocrx_word' id='word_1_105' title='bbox 669 763 783 796; x_wconf 75' lang='lat' dir='ltr'><strong>(laneo,</strong></span> <span class='ocrx_word' id='word_1_106' title='bbox 815 771 910 800; x_wconf 81' lang='lat' dir='ltr'><strong>quum</strong></span> <span class='ocrx_word' id='word_1_107' title='bbox 939 770 1069 790; x_wconf 75' lang='lat' dir='ltr'><strong>curvum</strong></span> <span class='ocrx_word' id='word_1_108' title='bbox 1098 763 1237 790; x_wconf 80' lang='lat' dir='ltr'><strong>vestrum</strong></span> <span class='ocrx_word' id='word_1_109' title='bbox 1269 764 1389 790; x_wconf 75' lang='lat' dir='ltr'><strong>rectum</strong></span> <span class='ocrx_word' id='word_1_110' title='bbox 1420 764 1519 796; x_wconf 77' lang='lat' dir='ltr'><strong>esset,</strong></span> <span class='ocrx_word' id='word_1_111' title='bbox 1550 761 1668 798; x_wconf 64' lang='lat' dir='ltr'><strong>gladiis</strong></span> <span class='ocrx_word' id='word_1_112' title='bbox 1697 762 1878 791; x_wconf 64' lang='lat' dir='ltr'><strong>secantibus</strong></span> <span class='ocrx_word' id='word_1_113' title='bbox 1902 761 2008 790; x_wconf 70' lang='lat' dir='ltr'><strong>hostes</strong></span> <span class='ocrx_word' id='word_1_114' title='bbox 2031 769 2052 788; x_wconf 79' lang='lat' dir='ltr'><em>a</em></span> 
     </span>
     <span class='ocr_line' id='line_1_11' title="bbox 1009 816 1299 851; baseline 0.007 -8"><span class='ocrx_word' id='word_1_115' title='bbox 1009 816 1093 843; x_wconf 76' lang='lat' dir='ltr'><strong>vohis</strong></span> <span class='ocrx_word' id='word_1_116' title='bbox 1114 816 1299 851; x_wconf 72' lang='lat' dir='ltr'><em>repulimus.</em></span> 
     </span>
    </p>

    <p class='ocr_par' dir='ltr' id='par_1_5' title="bbox 256 884 2053 1178">
     <span class='ocr_line' id='line_1_12' title="bbox 355 884 2050 926; baseline -0.001 -10"><span class='ocrx_word' id='word_1_117' title='bbox 355 886 425 916; x_wconf 85' lang='lat' dir='ltr'><strong>Res</strong></span> <span class='ocrx_word' id='word_1_118' title='bbox 452 892 571 923; x_wconf 76' lang='lat' dir='ltr'><strong>narrat,</strong></span> <span class='ocrx_word' id='word_1_119' title='bbox 597 885 710 924; x_wconf 85' lang='lat' dir='ltr'><strong>quibus</strong></span> <span class='ocrx_word' id='word_1_120' title='bbox 737 886 800 915; x_wconf 87' lang='lat' dir='ltr'><strong>ista</strong></span> <span class='ocrx_word' id='word_1_121' title='bbox 824 885 854 914; x_wconf 91' lang='lat' dir='ltr'><strong>in</strong></span> <span class='ocrx_word' id='word_1_122' title='bbox 882 894 981 915; x_wconf 82' lang='lat' dir='ltr'><strong>versu</strong></span> <span class='ocrx_word' id='word_1_123' title='bbox 1007 885 1109 923; x_wconf 87' lang='lat' dir='ltr'><strong>primo</strong></span> <span class='ocrx_word' id='word_1_124' title='bbox 1135 884 1346 926; x_wconf 77' lang='lat' dir='ltr'><strong>interrogatio</strong></span> <span class='ocrx_word' id='word_1_125' title='bbox 1373 885 1492 915; x_wconf 85' lang='lat' dir='ltr'><strong>nititur.</strong></span> <span class='ocrx_word' id='word_1_126' title='bbox 1521 885 1612 915; x_wconf 86' lang='lat' dir='ltr'><strong>Duas</strong></span> <span class='ocrx_word' id='word_1_127' title='bbox 1639 894 1692 914; x_wconf 86' lang='lat' dir='ltr'><strong>res</strong></span> <span class='ocrx_word' id='word_1_128' title='bbox 1721 888 1887 924; x_wconf 88' lang='lat' dir='ltr'><strong>memorat,</strong></span> <span class='ocrx_word' id='word_1_129' title='bbox 1916 893 2050 924; x_wconf 90' lang='lat' dir='ltr'><strong>quarum</strong></span> 
     </span>
     <span class='ocr_line' id='line_1_13' title="bbox 256 947 2053 994; baseline -0.001 -16"><span class='ocrx_word' id='word_1_130' title='bbox 256 958 319 994; x_wconf 62' lang='lat' dir='ltr'><strong>nna</strong></span> <span class='ocrx_word' id='word_1_131' title='bbox 346 953 410 987; x_wconf 84' lang='lat' dir='ltr'><strong>est,</strong></span> <span class='ocrx_word' id='word_1_132' title='bbox 436 958 474 978; x_wconf 89' lang='lat' dir='ltr'><strong>se</strong></span> <span class='ocrx_word' id='word_1_133' title='bbox 500 949 569 978; x_wconf 86' lang='lat' dir='ltr'><strong>illos</strong></span> <span class='ocrx_word' id='word_1_134' title='bbox 596 948 811 978; x_wconf 80' lang='lat' dir='ltr'>adversantes</span> <span class='ocrx_word' id='word_1_135' title='bbox 839 947 877 978; x_wconf 85' lang='lat' dir='ltr'><strong>ad</strong></span> <span class='ocrx_word' id='word_1_136' title='bbox 906 952 1026 977; x_wconf 81' lang='lat' dir='ltr'><strong>rectam</strong></span> <span class='ocrx_word' id='word_1_137' title='bbox 1055 947 1172 988; x_wconf 80' lang='lat' dir='ltr'><strong>agendi</strong></span> <span class='ocrx_word' id='word_1_138' title='bbox 1200 948 1352 977; x_wconf 82' lang='lat' dir='ltr'><strong>rationem</strong></span> <span class='ocrx_word' id='word_1_139' title='bbox 1379 947 1412 977; x_wconf 87' lang='lat' dir='ltr'><strong>vi</strong></span> <span class='ocrx_word' id='word_1_140' title='bbox 1439 948 1612 989; x_wconf 76' lang='lat' dir='ltr'><strong>coegisse,</strong></span> <span class='ocrx_word' id='word_1_141' title='bbox 1638 949 1752 990; x_wconf 86' lang='lat' dir='ltr'><strong>altera,</strong></span> <span class='ocrx_word' id='word_1_142' title='bbox 1779 959 1817 979; x_wconf 91' lang='lat' dir='ltr'><strong>se</strong></span> <span class='ocrx_word' id='word_1_143' title='bbox 1844 948 1915 978; x_wconf 87' lang='lat' dir='ltr'><strong>illos</strong></span> <span class='ocrx_word' id='word_1_144' title='bbox 1942 951 2053 977; x_wconf 79' lang='lat' dir='ltr'><strong>contra</strong></span> 
     </span>
     <span class='ocr_line' id='line_1_14' title="bbox 256 1008 2053 1055; baseline -0.001 -15"><span class='ocrx_word' id='word_1_145' title='bbox 256 1010 371 1042; x_wconf 85' lang='lat' dir='ltr'><strong>hostes</strong></span> <span class='ocrx_word' id='word_1_146' title='bbox 399 1010 595 1040; x_wconf 83' lang='lat' dir='ltr'><strong>defendisse.</strong></span> <span class='ocrx_word' id='word_1_147' title='bbox 632 1011 683 1039; x_wconf 85' lang='lat' dir='ltr'><strong>Ex</strong></span> <span class='ocrx_word' id='word_1_148' title='bbox 711 1013 841 1048; x_wconf 81' lang='lat' dir='ltr'><strong>utraque</strong></span> <span class='ocrx_word' id='word_1_149' title='bbox 877 1014 984 1039; x_wconf 81' lang='lat' dir='ltr'><strong>autem</strong></span> <span class='ocrx_word' id='word_1_150' title='bbox 1020 1018 1055 1038; x_wconf 89' lang='lat' dir='ltr'><strong>re</strong></span> <span class='ocrx_word' id='word_1_151' title='bbox 1081 1009 1191 1049; x_wconf 86' lang='lat' dir='ltr'><strong>sequi,</strong></span> <span class='ocrx_word' id='word_1_152' title='bbox 1219 1017 1255 1038; x_wconf 88' lang='lat' dir='ltr'><strong>se</strong></span> <span class='ocrx_word' id='word_1_153' title='bbox 1281 1010 1343 1038; x_wconf 86' lang='lat' dir='ltr'><strong>illis</strong></span> <span class='ocrx_word' id='word_1_154' title='bbox 1371 1010 1619 1048; x_wconf 72' lang='lat' dir='ltr'><strong>praestantiores</strong></span> <span class='ocrx_word' id='word_1_155' title='bbox 1647 1019 1729 1040; x_wconf 84' lang='lat' dir='ltr'><strong>esse.</strong></span> <span class='ocrx_word' id='word_1_156' title='bbox 1772 1011 1846 1041; x_wconf 84' lang='lat' dir='ltr'><strong>Vox</strong></span> <span class='ocrx_word' id='word_1_157' title='bbox 1875 1008 1955 1055; x_wconf 46' lang='grc' dir='ltr'><strong>ῥέε</strong></span> <span class='ocrx_word' id='word_1_158' title='bbox 1982 1018 2053 1040; x_wconf 85' lang='lat' dir='ltr'><strong>cum</strong></span> 
     </span>
     <span class='ocr_line' id='line_1_15' title="bbox 256 1069 2051 1117; baseline -0.002 -14"><span class='ocrx_word' id='word_1_159' title='bbox 256 1073 357 1103; x_wconf 88' lang='lat' dir='ltr'><strong>verbo</strong></span> <span class='ocrx_word' id='word_1_160' title='bbox 387 1071 474 1117; x_wconf 39' lang='grc' dir='ltr'><strong>[λὺ-ω</strong></span> <span class='ocrx_word' id='word_1_161' title='bbox 500 1083 563 1103; x_wconf 90' lang='lat' dir='ltr'><strong>non</strong></span> <span class='ocrx_word' id='word_1_162' title='bbox 590 1072 762 1113; x_wconf 79' lang='lat' dir='ltr'><strong>cohaeret,</strong></span> <span class='ocrx_word' id='word_1_163' title='bbox 796 1072 855 1102; x_wconf 87' lang='lat' dir='ltr'><strong>sed</strong></span> <span class='ocrx_word' id='word_1_164' title='bbox 884 1082 902 1102; x_wconf 91' lang='lat' dir='ltr'><strong>e</strong></span> <span class='ocrx_word' id='word_1_165' title='bbox 930 1073 1030 1102; x_wconf 85' lang='lat' dir='ltr'><strong>verbo</strong></span> <span class='ocrx_word' id='word_1_166' title='bbox 1058 1072 1179 1101; x_wconf 73' lang='lat' dir='ltr'><strong>omisso</strong></span> <span class='ocrx_word' id='word_1_167' title='bbox 1205 1077 1237 1114; x_wconf 68' lang='grc' dir='ltr'><strong>ι),</strong></span> <span class='ocrx_word' id='word_1_168' title='bbox 1267 1075 1321 1101; x_wconf 79' lang='lat' dir='ltr'><strong>aut</strong></span> <span class='ocrx_word' id='word_1_169' title='bbox 1347 1070 1420 1101; x_wconf 84' lang='lat' dir='ltr'><strong>huic</strong></span> <span class='ocrx_word' id='word_1_170' title='bbox 1446 1071 1541 1101; x_wconf 80' lang='lat' dir='ltr'><strong>simili</strong></span> <span class='ocrx_word' id='word_1_171' title='bbox 1566 1072 1683 1112; x_wconf 81' lang='lat' dir='ltr'><strong>pendet</strong></span> <span class='ocrx_word' id='word_1_172' title='bbox 1712 1069 1840 1115; x_wconf 88' lang='lat' dir='ltr'><strong>(Gram.</strong></span> <span class='ocrx_word' id='word_1_173' title='bbox 1869 1072 1926 1101; x_wconf 79' lang='lat' dir='ltr'><strong>Ar.</strong></span> <span class='ocrx_word' id='word_1_174' title='bbox 1953 1072 1990 1101; x_wconf 78' lang='lat' dir='ltr'><strong>T.</strong></span> <span class='ocrx_word' id='word_1_175' title='bbox 2022 1070 2051 1101; x_wconf 80' lang='lat'><strong>1.</strong></span> 
     </span>
     <span class='ocr_line' id='line_1_16' title="bbox 256 1131 2053 1178; baseline -0.003 -9"><span class='ocrx_word' id='word_1_176' title='bbox 256 1146 288 1178; x_wconf 86' lang='lat' dir='ltr'><strong>p.</strong></span> <span class='ocrx_word' id='word_1_177' title='bbox 316 1136 429 1175; x_wconf 61' lang='lat'><strong>486.)</strong></span> <span class='ocrx_word' id='word_1_178' title='bbox 469 1131 623 1167; x_wconf 70' lang='lat' dir='ltr'><strong>Curvitas</strong></span> <span class='ocrx_word' id='word_1_179' title='bbox 660 1141 767 1166; x_wconf 86' lang='lat' dir='ltr'><strong>autem</strong></span> <span class='ocrx_word' id='word_1_180' title='bbox 802 1135 936 1166; x_wconf 87' lang='lat' dir='ltr'><strong>hominis</strong></span> <span class='ocrx_word' id='word_1_181' title='bbox 965 1135 1044 1166; x_wconf 79' lang='lat' dir='ltr'><strong>vitia</strong></span> <span class='ocrx_word' id='word_1_182' title='bbox 1070 1135 1221 1176; x_wconf 83' lang='lat' dir='ltr'><strong>designat</strong></span> <span class='ocrx_word' id='word_1_183' title='bbox 1247 1133 1352 1164; x_wconf 80' lang='lat' dir='ltr'><strong>conf.</strong></span> <span class='ocrx_word' id='word_1_184' title='bbox 1381 1133 1478 1163; x_wconf 86' lang='lat' dir='ltr'><strong>Meid.</strong></span> <span class='ocrx_word' id='word_1_185' title='bbox 1511 1133 1549 1164; x_wconf 90' lang='lat' dir='ltr'><strong>C.</strong></span> <span class='ocrx_word' id='word_1_186' title='bbox 1579 1133 1637 1175; x_wconf 82' lang='lat'><strong>23,</strong></span> <span class='ocrx_word' id='word_1_187' title='bbox 1665 1134 1748 1164; x_wconf 77' lang='lat'><strong>279.</strong></span> <span class='ocrx_word' id='word_1_188' title='bbox 1800 1134 1902 1164; x_wconf 85' lang='lat' dir='ltr'>Simili</span> <span class='ocrx_word' id='word_1_189' title='bbox 1930 1134 2053 1164; x_wconf 84' lang='lat' dir='ltr'><strong>ratione</strong></span> 
     </span>
    </p>
   </div>
   <div class='ocr_carea' id='block_1_5' title="bbox 257 1191 2052 1243">
    <p class='ocr_par' dir='ltr' id='par_1_6' title="bbox 257 1191 2052 1243">
     <span class='ocr_line' id='line_1_17' title="bbox 257 1191 2052 1243; baseline -0.002 -13"><span class='ocrx_word' id='word_1_190' title='bbox 257 1199 289 1230; x_wconf 89' lang='lat' dir='ltr'><strong>in</strong></span> <span class='ocrx_word' id='word_1_191' title='bbox 315 1199 486 1239; x_wconf 87' lang='lat' dir='ltr'><strong>proverbio</strong></span> <span class='ocrx_word' id='word_1_192' title='bbox 517 1199 650 1230; x_wconf 76' lang='lat' dir='ltr'><strong>dicitur:</strong></span> <span class='ocrx_word' id='word_1_193' title='bbox 690 1195 787 1243; x_wconf 55' lang='lat'><strong>6:220</strong></span> <span class='ocrx_word' id='word_1_194' title='bbox 814 1196 917 1243; x_wconf 47' lang='lat'><strong>0⁴93</strong></span> <span class='ocrx_word' id='word_1_195' title='bbox 959 1197 1206 1237; x_wconf 81' lang='lat' dir='ltr'><strong>»obliquitatem</strong></span> <span class='ocrx_word' id='word_1_196' title='bbox 1232 1196 1305 1227; x_wconf 81' lang='lat' dir='ltr'><strong>colli</strong></span> <span class='ocrx_word' id='word_1_197' title='bbox 1332 1195 1377 1226; x_wconf 84' lang='lat' dir='ltr'><strong>tui</strong></span> <span class='ocrx_word' id='word_1_198' title='bbox 1403 1200 1526 1226; x_wconf 82' lang='lat' dir='ltr'><strong>rectam</strong></span> <span class='ocrx_word' id='word_1_199' title='bbox 1551 1191 1686 1226; x_wconf 80' lang='lat' dir='ltr'><strong>faciam!</strong></span> <span class='ocrx_word' id='word_1_200' title='bbox 1724 1197 1743 1226; x_wconf 90' lang='lat' dir='ltr'><strong>i.</strong></span> <span class='ocrx_word' id='word_1_201' title='bbox 1771 1206 1799 1226; x_wconf 91' lang='lat' dir='ltr'><strong>e.</strong></span> <span class='ocrx_word' id='word_1_202' title='bbox 1831 1202 1864 1227; x_wconf 84' lang='lat' dir='ltr'><strong>te</strong></span> <span class='ocrx_word' id='word_1_203' title='bbox 1891 1197 2052 1238; x_wconf 80' lang='lat' dir='ltr'><strong>corrigam</strong></span> 
     </span>
    </p>
   </div>
   <div class='ocr_carea' id='block_1_6' title="bbox 257 1260 620 1303">
    <p class='ocr_par' dir='ltr' id='par_1_7' title="bbox 257 1260 620 1303">
     <span class='ocr_line' id='line_1_18' title="bbox 257 1260 620 1303; baseline -0.006 -11"><span class='ocrx_word' id='word_1_204' title='bbox 257 1261 357 1292; x_wconf 70' lang='lat' dir='ltr'><strong>Meid.</strong></span> <span class='ocrx_word' id='word_1_205' title='bbox 386 1261 423 1294; x_wconf 84' lang='lat' dir='ltr'><strong>c.</strong></span> <span class='ocrx_word' id='word_1_206' title='bbox 452 1260 511 1303; x_wconf 77' lang='lat'><strong>23,</strong></span> <span class='ocrx_word' id='word_1_207' title='bbox 539 1261 620 1292; x_wconf 79' lang='lat'>234.</span> 
     </span>
    </p>
   </div>
   <div class='ocr_carea' id='block_1_7' title="bbox 259 1357 2056 2216">
    <p class='ocr_par' dir='ltr' id='par_1_8' title="bbox 259 1357 2052 1450">
     <span class='ocr_line' id='line_1_19' title="bbox 259 1357 2052 1398; baseline -0.002 -8"><span class='ocrx_word' id='word_1_208' title='bbox 259 1360 291 1390; x_wconf 77' lang='lat'><strong>4.</strong></span> <span class='ocrx_word' id='word_1_209' title='bbox 314 1359 355 1389; x_wconf 79' lang='lat' dir='ltr'><strong>In</strong></span> <span class='ocrx_word' id='word_1_210' title='bbox 375 1360 555 1398; x_wconf 70' lang='lat' dir='ltr'><strong>reqiom&#39;bus</strong></span> <span class='ocrx_word' id='word_1_211' title='bbox 579 1362 653 1388; x_wconf 78' lang='lat' dir='ltr'><strong>meis</strong></span> <span class='ocrx_word' id='word_1_212' title='bbox 677 1363 708 1389; x_wconf 83' lang='lat' dir='ltr'><strong>et</strong></span> <span class='ocrx_word' id='word_1_213' title='bbox 725 1362 830 1397; x_wconf 69' lang='lat' dir='ltr'><strong>yemis</strong></span> <span class='ocrx_word' id='word_1_214' title='bbox 853 1369 939 1388; x_wconf 79' lang='lat' dir='ltr'><strong>meae</strong></span> <span class='ocrx_word' id='word_1_215' title='bbox 962 1359 1142 1396; x_wconf 68' lang='lat' dir='ltr'><strong>reyz&#39;mzibus</strong></span> <span class='ocrx_word' id='word_1_216' title='bbox 1165 1359 1339 1388; x_wconf 75' lang='lat' dir='ltr'><strong>habitatum</strong></span> <span class='ocrx_word' id='word_1_217' title='bbox 1362 1360 1471 1392; x_wconf 70' lang='lat' dir='ltr'><strong>venite,</strong></span> <span class='ocrx_word' id='word_1_218' title='bbox 1496 1361 1532 1387; x_wconf 79' lang='lat' dir='ltr'><strong>nt</strong></span> <span class='ocrx_word' id='word_1_219' title='bbox 1552 1358 1586 1386; x_wconf 78' lang='lat' dir='ltr'><strong>in</strong></span> <span class='ocrx_word' id='word_1_220' title='bbox 1605 1357 1718 1394; x_wconf 67' lang='lat' dir='ltr'><strong>proelii</strong></span> <span class='ocrx_word' id='word_1_221' title='bbox 1737 1360 1897 1395; x_wconf 71' lang='lat' dir='ltr'><strong>anqustia,</strong></span> <span class='ocrx_word' id='word_1_222' title='bbox 1923 1357 2052 1387; x_wconf 80' lang='lat' dir='ltr'><strong>ubi&#39;ve-</strong></span> 
     </span>
     <span class='ocr_line' id='line_1_20' title="bbox 741 1412 1561 1450; baseline -0.002 -9"><span class='ocrx_word' id='word_1_223' title='bbox 741 1414 902 1442; x_wconf 67' lang='lat' dir='ltr'><strong>leemenster</strong></span> <span class='ocrx_word' id='word_1_224' title='bbox 925 1416 1098 1450; x_wconf 60' lang='lat' dir='ltr'><strong>vuynatur,</strong></span> <span class='ocrx_word' id='word_1_225' title='bbox 1122 1414 1277 1450; x_wconf 75' lang='lat' dir='ltr'><strong>praesidii</strong></span> <span class='ocrx_word' id='word_1_226' title='bbox 1298 1412 1364 1440; x_wconf 69' lang='lat' dir='ltr'><strong>loco</strong></span> <span class='ocrx_word' id='word_1_227' title='bbox 1388 1412 1472 1440; x_wconf 79' lang='lat' dir='ltr'><strong>vobis</strong></span> <span class='ocrx_word' id='word_1_228' title='bbox 1493 1413 1561 1440; x_wconf 79' lang='lat' dir='ltr'><strong>sim.</strong></span> 
     </span>
    </p>

    <p class='ocr_par' dir='ltr' id='par_1_9' title="bbox 259 1479 2056 2216">
     <span class='ocr_line' id='line_1_21' title="bbox 359 1479 2054 1523; baseline -0.002 -10"><span class='ocrx_word' id='word_1_229' title='bbox 359 1483 465 1521; x_wconf 82' lang='lat' dir='ltr'><strong>Quum</strong></span> <span class='ocrx_word' id='word_1_230' title='bbox 493 1484 574 1514; x_wconf 75' lang='lat' dir='ltr'><strong>taies</strong></span> <span class='ocrx_word' id='word_1_231' title='bbox 602 1492 660 1512; x_wconf 87' lang='lat' dir='ltr'><strong>nos</strong></span> <span class='ocrx_word' id='word_1_232' title='bbox 688 1483 781 1512; x_wconf 79' lang='lat' dir='ltr'><strong>vobis</strong></span> <span class='ocrx_word' id='word_1_233' title='bbox 810 1484 1084 1523; x_wconf 76' lang='lat' dir='ltr'><strong>praestiterimus,</strong></span> <span class='ocrx_word' id='word_1_234' title='bbox 1112 1482 1284 1522; x_wconf 87' lang='lat' dir='ltr'><strong>prudenter</strong></span> <span class='ocrx_word' id='word_1_235' title='bbox 1313 1483 1441 1522; x_wconf 79' lang='lat' dir='ltr'><strong>agetiS,</strong></span> <span class='ocrx_word' id='word_1_236' title='bbox 1477 1483 1506 1511; x_wconf 90' lang='lat' dir='ltr'><strong>si</strong></span> <span class='ocrx_word' id='word_1_237' title='bbox 1534 1480 1565 1510; x_wconf 91' lang='lat' dir='ltr'><strong>in</strong></span> <span class='ocrx_word' id='word_1_238' title='bbox 1593 1479 1725 1520; x_wconf 86' lang='lat' dir='ltr'><strong>regione</strong></span> <span class='ocrx_word' id='word_1_239' title='bbox 1752 1484 1862 1510; x_wconf 89' lang='lat' dir='ltr'><strong>nostra</strong></span> <span class='ocrx_word' id='word_1_240' title='bbox 1888 1479 2054 1519; x_wconf 86' lang='lat' dir='ltr'><strong>habitatis,</strong></span> 
     </span>
     <span class='ocr_line' id='line_1_22' title="bbox 259 1542 2054 1587; baseline -0.003 -11"><span class='ocrx_word' id='word_1_241' title='bbox 259 1551 295 1576; x_wconf 89' lang='lat' dir='ltr'><strong>ut</strong></span> <span class='ocrx_word' id='word_1_242' title='bbox 319 1556 380 1576; x_wconf 87' lang='lat' dir='ltr'><strong>vos</strong></span> <span class='ocrx_word' id='word_1_243' title='bbox 409 1546 623 1576; x_wconf 75' lang='lat' dir='ltr'><strong>defendamus.</strong></span> <span class='ocrx_word' id='word_1_244' title='bbox 652 1547 713 1587; x_wconf 79' lang='lat' dir='ltr'><strong>Eo,</strong></span> <span class='ocrx_word' id='word_1_245' title='bbox 740 1546 825 1586; x_wconf 82' lang='lat' dir='ltr'><strong>quod</strong></span> <span class='ocrx_word' id='word_1_246' title='bbox 847 1545 923 1575; x_wconf 78' lang='lat' dir='ltr'><strong>dixit</strong></span> <span class='ocrx_word' id='word_1_247' title='bbox 949 1546 988 1575; x_wconf 92' lang='lat' dir='ltr'><strong>in</strong></span> <span class='ocrx_word' id='word_1_248' title='bbox 1017 1545 1263 1587; x_wconf 77' lang='lat' dir='ltr'><strong>regionibus</strong></span> <span class='ocrx_word' id='word_1_249' title='bbox 1292 1544 1392 1573; x_wconf 85' lang='lat' dir='ltr'><strong>meis</strong></span> <span class='ocrx_word' id='word_1_250' title='bbox 1419 1548 1453 1573; x_wconf 89' lang='lat' dir='ltr'><strong>et</strong></span> <span class='ocrx_word' id='word_1_251' title='bbox 1478 1543 1727 1583; x_wconf 82' lang='lat' dir='ltr'><strong>regionibus</strong></span> <span class='ocrx_word' id='word_1_252' title='bbox 1755 1542 1902 1583; x_wconf 82' lang='lat' dir='ltr'><strong>gentis</strong></span> <span class='ocrx_word' id='word_1_253' title='bbox 1931 1551 2054 1581; x_wconf 80' lang='lat' dir='ltr'><strong>meae,</strong></span> 
     </span>
     <span class='ocr_line' id='line_1_23' title="bbox 259 1604 2054 1649; baseline -0.003 -9"><span class='ocrx_word' id='word_1_254' title='bbox 259 1615 296 1641; x_wconf 88' lang='lat' dir='ltr'><strong>ut</strong></span> <span class='ocrx_word' id='word_1_255' title='bbox 322 1610 428 1649; x_wconf 79' lang='lat' dir='ltr'><strong>plures</strong></span> <span class='ocrx_word' id='word_1_256' title='bbox 458 1615 490 1640; x_wconf 87' lang='lat' dir='ltr'><strong>et</strong></span> <span class='ocrx_word' id='word_1_257' title='bbox 517 1610 576 1639; x_wconf 88' lang='lat' dir='ltr'><strong>sibi</strong></span> <span class='ocrx_word' id='word_1_258' title='bbox 603 1615 634 1639; x_wconf 86' lang='lat' dir='ltr'><strong>et</strong></span> <span class='ocrx_word' id='word_1_259' title='bbox 662 1609 751 1649; x_wconf 85' lang='lat' dir='ltr'><strong>genti</strong></span> <span class='ocrx_word' id='word_1_260' title='bbox 777 1618 857 1638; x_wconf 83' lang='lat' dir='ltr'><strong>suae</strong></span> <span class='ocrx_word' id='word_1_261' title='bbox 885 1608 1035 1649; x_wconf 84' lang='lat' dir='ltr'><strong>regiones</strong></span> <span class='ocrx_word' id='word_1_262' title='bbox 1061 1607 1291 1644; x_wconf 85' lang='lat' dir='ltr'><strong>vendicaverit,</strong></span> <span class='ocrx_word' id='word_1_263' title='bbox 1321 1606 1487 1646; x_wconf 82' lang='lat' dir='ltr'><strong>gloriatur,</strong></span> <span class='ocrx_word' id='word_1_264' title='bbox 1516 1605 1563 1634; x_wconf 86' lang='lat' dir='ltr'><strong>sic</strong></span> <span class='ocrx_word' id='word_1_265' title='bbox 1589 1605 1670 1634; x_wconf 82' lang='lat' dir='ltr'><strong>enirn</strong></span> <span class='ocrx_word' id='word_1_266' title='bbox 1697 1604 1852 1634; x_wconf 86' lang='lat' dir='ltr'><strong>describit</strong></span> <span class='ocrx_word' id='word_1_267' title='bbox 1878 1604 2054 1645; x_wconf 80' lang='lat' dir='ltr'><strong>regionem,</strong></span> 
     </span>
     <span class='ocr_line' id='line_1_24' title="bbox 259 1665 2054 1712; baseline -0.004 -10"><span class='ocrx_word' id='word_1_268' title='bbox 259 1681 350 1712; x_wconf 86' lang='lat' dir='ltr'><strong>quam</strong></span> <span class='ocrx_word' id='word_1_269' title='bbox 377 1672 530 1711; x_wconf 77' lang='lat' dir='ltr'><strong>incolunt,</strong></span> <span class='ocrx_word' id='word_1_270' title='bbox 558 1678 705 1710; x_wconf 83' lang='lat' dir='ltr'><strong>tanquam</strong></span> <span class='ocrx_word' id='word_1_271' title='bbox 734 1676 871 1701; x_wconf 75' lang='lat' dir='ltr'><strong>vastam.</strong></span> <span class='ocrx_word' id='word_1_272' title='bbox 901 1672 1025 1701; x_wconf 77' lang='lat' dir='ltr'><strong>Vocem</strong></span> <span class='ocrx_word' id='word_1_273' title='bbox 1054 1668 1138 1702; x_wconf 53' lang='lat' dir='ltr'><strong>,inst-o</strong></span> <span class='ocrx_word' id='word_1_274' title='bbox 1163 1670 1267 1700; x_wconf 83' lang='lat' dir='ltr'><strong>locum</strong></span> <span class='ocrx_word' id='word_1_275' title='bbox 1293 1673 1467 1709; x_wconf 81' lang='lat' dir='ltr'><strong>angustum</strong></span> <span class='ocrx_word' id='word_1_276' title='bbox 1494 1668 1525 1697; x_wconf 84' lang='lat' dir='ltr'><strong>iu</strong></span> <span class='ocrx_word' id='word_1_277' title='bbox 1551 1667 1632 1698; x_wconf 84' lang='lat' dir='ltr'><strong>bello</strong></span> <span class='ocrx_word' id='word_1_278' title='bbox 1656 1666 1859 1708; x_wconf 81' lang='lat' dir='ltr'><strong>significare,</strong></span> <span class='ocrx_word' id='word_1_279' title='bbox 1887 1675 1957 1696; x_wconf 90' lang='lat' dir='ltr'><strong>cum</strong></span> <span class='ocrx_word' id='word_1_280' title='bbox 1983 1665 2054 1696; x_wconf 83' lang='lat' dir='ltr'><strong>Ka-</strong></span> 
     </span>
     <span class='ocr_line' id='line_1_25' title="bbox 259 1722 2052 1768; baseline -0.005 -3"><span class='ocrx_word' id='word_1_281' title='bbox 259 1722 345 1765; x_wconf 84' lang='lat' dir='ltr'><strong>musi</strong></span> <span class='ocrx_word' id='word_1_282' title='bbox 371 1739 502 1765; x_wconf 79' lang='lat' dir='ltr'><strong>auctore</strong></span> <span class='ocrx_word' id='word_1_283' title='bbox 527 1734 730 1764; x_wconf 81' lang='lat' dir='ltr'><strong>consentiens</strong></span> <span class='ocrx_word' id='word_1_284' title='bbox 758 1733 948 1763; x_wconf 77' lang='lat' dir='ltr'><strong>scholiastes</strong></span> <span class='ocrx_word' id='word_1_285' title='bbox 976 1733 1066 1763; x_wconf 81' lang='lat' dir='ltr'><strong>dixit.</strong></span> <span class='ocrx_word' id='word_1_286' title='bbox 1119 1731 1251 1761; x_wconf 81' lang='lat' dir='ltr'><strong>Kamusi</strong></span> <span class='ocrx_word' id='word_1_287' title='bbox 1279 1735 1393 1760; x_wconf 81' lang='lat' dir='ltr'><strong>auctor</strong></span> <span class='ocrx_word' id='word_1_288' title='bbox 1420 1738 1544 1768; x_wconf 85' lang='lat' dir='ltr'><strong>quoque</strong></span> <span class='ocrx_word' id='word_1_289' title='bbox 1571 1729 1686 1759; x_wconf 83' lang='lat' dir='ltr'><strong>habet:</strong></span> <span class='ocrx_word' id='word_1_290' title='bbox 1729 1729 1848 1758; x_wconf 87' lang='lat' dir='ltr'><strong>locus</strong></span> <span class='ocrx_word' id='word_1_291' title='bbox 1885 1727 1956 1757; x_wconf 85' lang='lat' dir='ltr'><strong>ubi</strong></span> <span class='ocrx_word' id='word_1_292' title='bbox 1982 1736 2052 1766; x_wconf 87' lang='lat' dir='ltr'><strong>pu-</strong></span> 
     </span>
     <span class='ocr_line' id='line_1_26' title="bbox 260 1790 2055 1840; baseline -0.005 -12"><span class='ocrx_word' id='word_1_293' title='bbox 260 1801 418 1840; x_wconf 82' lang='lat' dir='ltr'><strong>gnatur.</strong></span> <span class='ocrx_word' id='word_1_294' title='bbox 447 1798 506 1826; x_wconf 81' lang='lat' dir='ltr'><strong>Est</strong></span> <span class='ocrx_word' id='word_1_295' title='bbox 535 1798 640 1836; x_wconf 87' lang='lat' dir='ltr'><strong>potius</strong></span> <span class='ocrx_word' id='word_1_296' title='bbox 669 1796 792 1825; x_wconf 81' lang='lat' dir='ltr'><strong>iocus</strong></span> <span class='ocrx_word' id='word_1_297' title='bbox 821 1793 1150 1834; x_wconf 79' lang='lat' dir='ltr'><strong>prosternendi,</strong></span> <span class='ocrx_word' id='word_1_298' title='bbox 1177 1803 1196 1823; x_wconf 83' lang='lat' dir='ltr'><strong>a</strong></span> <span class='ocrx_word' id='word_1_299' title='bbox 1221 1793 1321 1822; x_wconf 85' lang='lat' dir='ltr'><strong>verbo</strong></span> <span class='ocrx_word' id='word_1_300' title='bbox 1336 1790 1404 1824; x_wconf 50' lang='grc' dir='ltr'><strong>Λαὶς</strong></span> <span class='ocrx_word' id='word_1_301' title='bbox 1430 1802 1471 1822; x_wconf 85' lang='lat' dir='ltr'><strong>ex</strong></span> <span class='ocrx_word' id='word_1_302' title='bbox 1486 1792 1620 1822; x_wconf 80' lang='lat' dir='ltr'><strong>Kamusi</strong></span> <span class='ocrx_word' id='word_1_303' title='bbox 1637 1791 1842 1822; x_wconf 86' lang='lat' dir='ltr'><strong>auctoritate.</strong></span> <span class='ocrx_word' id='word_1_304' title='bbox 1867 1791 1941 1820; x_wconf 91' lang='lat' dir='ltr'><strong>Non</strong></span> <span class='ocrx_word' id='word_1_305' title='bbox 1957 1790 2055 1830; x_wconf 80' lang='lat' dir='ltr'><strong>igitur</strong></span> 
     </span>
     <span class='ocr_line' id='line_1_27' title="bbox 260 1851 2054 1900; baseline -0.004 -10"><span class='ocrx_word' id='word_1_306' title='bbox 260 1861 383 1891; x_wconf 86' lang='lat' dir='ltr'><strong>locus</strong></span> <span class='ocrx_word' id='word_1_307' title='bbox 411 1869 572 1900; x_wconf 86' lang='lat' dir='ltr'><strong>pugnae</strong></span> <span class='ocrx_word' id='word_1_308' title='bbox 598 1869 670 1889; x_wconf 85' lang='lat' dir='ltr'><strong>cum</strong></span> <span class='ocrx_word' id='word_1_309' title='bbox 698 1858 899 1899; x_wconf 76' lang='lat' dir='ltr'><strong>generaliore</strong></span> <span class='ocrx_word' id='word_1_310' title='bbox 926 1857 1161 1898; x_wconf 81' lang='lat' dir='ltr'><strong>significatione</strong></span> <span class='ocrx_word' id='word_1_311' title='bbox 1188 1860 1257 1894; x_wconf 75' lang='lat' dir='ltr'><strong>est,</strong></span> <span class='ocrx_word' id='word_1_312' title='bbox 1285 1854 1344 1885; x_wconf 84' lang='lat' dir='ltr'><strong>sed</strong></span> <span class='ocrx_word' id='word_1_313' title='bbox 1370 1854 1462 1884; x_wconf 82' lang='lat' dir='ltr'><strong>iocus</strong></span> <span class='ocrx_word' id='word_1_314' title='bbox 1491 1854 1520 1883; x_wconf 93' lang='lat' dir='ltr'><strong>in</strong></span> <span class='ocrx_word' id='word_1_315' title='bbox 1549 1862 1661 1893; x_wconf 86' lang='lat' dir='ltr'><strong>campo</strong></span> <span class='ocrx_word' id='word_1_316' title='bbox 1688 1852 1811 1892; x_wconf 83' lang='lat' dir='ltr'><strong>proelii,</strong></span> <span class='ocrx_word' id='word_1_317' title='bbox 1840 1852 1891 1882; x_wconf 90' lang='lat' dir='ltr'><strong>ubi</strong></span> <span class='ocrx_word' id='word_1_318' title='bbox 1917 1851 2054 1882; x_wconf 87' lang='lat' dir='ltr'><strong>invicem</strong></span> 
     </span>
     <span class='ocr_line' id='line_1_28' title="bbox 260 1913 2055 1964; baseline -0.007 -10"><span class='ocrx_word' id='word_1_319' title='bbox 260 1927 414 1964; x_wconf 80' lang='lat' dir='ltr'><strong>pugnant,</strong></span> <span class='ocrx_word' id='word_1_320' title='bbox 441 1933 543 1963; x_wconf 88' lang='lat' dir='ltr'><strong>seque</strong></span> <span class='ocrx_word' id='word_1_321' title='bbox 573 1925 788 1961; x_wconf 75' lang='lat' dir='ltr'><strong>prosternunt.</strong></span> <span class='ocrx_word' id='word_1_322' title='bbox 817 1921 896 1950; x_wconf 78' lang='lat' dir='ltr'><strong>Cuin</strong></span> <span class='ocrx_word' id='word_1_323' title='bbox 921 1919 982 1950; x_wconf 88' lang='lat' dir='ltr'><strong>hac</strong></span> <span class='ocrx_word' id='word_1_324' title='bbox 1009 1929 1091 1950; x_wconf 90' lang='lat' dir='ltr'><strong>voce</strong></span> <span class='ocrx_word' id='word_1_325' title='bbox 1118 1918 1149 1948; x_wconf 87' lang='lat' dir='ltr'><strong>in</strong></span> <span class='ocrx_word' id='word_1_326' title='bbox 1174 1926 1272 1948; x_wconf 84' lang='lat' dir='ltr'><strong>versu</strong></span> <span class='ocrx_word' id='word_1_327' title='bbox 1298 1926 1364 1947; x_wconf 87' lang='lat' dir='ltr'><strong>vox</strong></span> <span class='ocrx_word' id='word_1_328' title='bbox 1392 1913 1510 1961; x_wconf 45' lang='lat' dir='ltr'><strong>ff&gt;bssxn</strong></span> <span class='ocrx_word' id='word_1_329' title='bbox 1536 1915 1754 1955; x_wconf 82' lang='lat' dir='ltr'><strong>(participium</strong></span> <span class='ocrx_word' id='word_1_330' title='bbox 1774 1914 1895 1944; x_wconf 81' lang='lat' dir='ltr'><strong>formae</strong></span> <span class='ocrx_word' id='word_1_331' title='bbox 1919 1914 2055 1952; x_wconf 82' lang='lat' dir='ltr'><strong>sextae)</strong></span> 
     </span>
     <span class='ocr_line' id='line_1_29' title="bbox 262 1979 2056 2025; baseline -0.007 -8"><span class='ocrx_word' id='word_1_332' title='bbox 262 1987 432 2017; x_wconf 72' lang='lat' dir='ltr'><strong>coniuncta</strong></span> <span class='ocrx_word' id='word_1_333' title='bbox 467 1991 529 2016; x_wconf 89' lang='lat' dir='ltr'><strong>est.</strong></span> <span class='ocrx_word' id='word_1_334' title='bbox 576 1986 660 2016; x_wconf 86' lang='lat' dir='ltr'><strong>Huic</strong></span> <span class='ocrx_word' id='word_1_335' title='bbox 697 1985 815 2015; x_wconf 89' lang='lat' dir='ltr'><strong>densi</strong></span> <span class='ocrx_word' id='word_1_336' title='bbox 854 1983 1122 2024; x_wconf 82' lang='lat' dir='ltr'><strong>significationem</strong></span> <span class='ocrx_word' id='word_1_337' title='bbox 1158 1981 1318 2021; x_wconf 87' lang='lat' dir='ltr'><strong>tribuunt,</strong></span> <span class='ocrx_word' id='word_1_338' title='bbox 1357 1980 1431 2010; x_wconf 88' lang='lat' dir='ltr'><strong>dum</strong></span> <span class='ocrx_word' id='word_1_339' title='bbox 1467 1979 1578 2018; x_wconf 85' lang='lat' dir='ltr'><strong>piures</strong></span> <span class='ocrx_word' id='word_1_340' title='bbox 1608 1986 1667 2025; x_wconf 50' lang='lat' dir='ltr'><strong>¹res</strong></span> <span class='ocrx_word' id='word_1_341' title='bbox 1702 1979 1785 2007; x_wconf 88' lang='lat' dir='ltr'><strong>inter</strong></span> <span class='ocrx_word' id='word_1_342' title='bbox 1818 1986 1856 2006; x_wconf 88' lang='lat' dir='ltr'><strong>se</strong></span> <span class='ocrx_word' id='word_1_343' title='bbox 1882 1979 2056 2015; x_wconf 80' lang='lat' dir='ltr'><strong>separatae</strong></span> 
     </span>
     <span class='ocr_line' id='line_1_30' title="bbox 263 2035 2055 2088; baseline -0.007 -9"><span class='ocrx_word' id='word_1_344' title='bbox 263 2057 326 2079; x_wconf 91' lang='lat' dir='ltr'><strong>uuo</strong></span> <span class='ocrx_word' id='word_1_345' title='bbox 352 2049 421 2079; x_wconf 80' lang='lat' dir='ltr'>loco</span> <span class='ocrx_word' id='word_1_346' title='bbox 448 2049 700 2088; x_wconf 81' lang='lat' dir='ltr'><strong>coniunguntur,</strong></span> <span class='ocrx_word' id='word_1_347' title='bbox 742 2046 1005 2086; x_wconf 85' lang='lat' dir='ltr'><strong>quemadmodum</strong></span> <span class='ocrx_word' id='word_1_348' title='bbox 1034 2044 1176 2084; x_wconf 79' lang='lat' dir='ltr'><strong>separati</strong></span> <span class='ocrx_word' id='word_1_349' title='bbox 1202 2047 1399 2084; x_wconf 84' lang='lat' dir='ltr'><strong>pugnatores</strong></span> <span class='ocrx_word' id='word_1_350' title='bbox 1427 2041 1458 2071; x_wconf 88' lang='lat' dir='ltr'><strong>in</strong></span> <span class='ocrx_word' id='word_1_351' title='bbox 1485 2050 1582 2070; x_wconf 89' lang='lat' dir='ltr'><strong>unum</strong></span> <span class='ocrx_word' id='word_1_352' title='bbox 1610 2040 1714 2070; x_wconf 88' lang='lat' dir='ltr'><strong>locum</strong></span> <span class='ocrx_word' id='word_1_353' title='bbox 1742 2042 1943 2081; x_wconf 75' lang='lat' dir='ltr'><strong>eoncurrunt.</strong></span> <span class='ocrx_word' id='word_1_354' title='bbox 1986 2035 2055 2067; x_wconf 86' lang='lat' dir='ltr'><strong>Sed</strong></span> 
     </span>
     <span class='ocr_line' id='line_1_31' title="bbox 263 2090 2055 2152; baseline -0.008 -8"><span class='ocrx_word' id='word_1_355' title='bbox 263 2114 364 2144; x_wconf 75' lang='lat' dir='ltr'><strong>altera</strong></span> <span class='ocrx_word' id='word_1_356' title='bbox 377 2111 604 2152; x_wconf 82' lang='lat' dir='ltr'><strong>interpretandi</strong></span> <span class='ocrx_word' id='word_1_357' title='bbox 619 2111 699 2142; x_wconf 84' lang='lat' dir='ltr'><strong>ratio</strong></span> <span class='ocrx_word' id='word_1_358' title='bbox 717 2111 819 2151; x_wconf 82' lang='lat' dir='ltr'><strong>magis</strong></span> <span class='ocrx_word' id='word_1_359' title='bbox 836 2110 961 2149; x_wconf 82' lang='lat' dir='ltr'><strong>placet,</strong></span> <span class='ocrx_word' id='word_1_360' title='bbox 989 2117 1051 2147; x_wconf 89' lang='lat' dir='ltr'><strong>qua</strong></span> <span class='ocrx_word' id='word_1_361' title='bbox 1065 2106 1203 2137; x_wconf 86' lang='lat' dir='ltr'><strong>invicem</strong></span> <span class='ocrx_word' id='word_1_362' title='bbox 1231 2115 1269 2135; x_wconf 87' lang='lat' dir='ltr'><strong>se</strong></span> <span class='ocrx_word' id='word_1_363' title='bbox 1296 2105 1481 2136; x_wconf 86' lang='lat' dir='ltr'><strong>occidentes</strong></span> <span class='ocrx_word' id='word_1_364' title='bbox 1509 2104 1671 2145; x_wconf 84' lang='lat' dir='ltr'><strong>signifieat</strong></span> <span class='ocrx_word' id='word_1_365' title='bbox 1696 2104 1733 2142; x_wconf 86' lang='lat' dir='ltr'><strong>(a</strong></span> <span class='ocrx_word' id='word_1_366' title='bbox 1759 2103 1859 2133; x_wconf 87' lang='lat' dir='ltr'><strong>verbo</strong></span> <span class='ocrx_word' id='word_1_367' title='bbox 1886 2090 1938 2147; x_wconf 41' lang='grc' dir='ltr'><strong>μὲ</strong></span> <span class='ocrx_word' id='word_1_368' title='bbox 1964 2099 2055 2132; x_wconf 82' lang='lat' dir='ltr'><strong>occi-</strong></span> 
     </span>
     <span class='ocr_line' id='line_1_32' title="bbox 263 2154 2053 2216; baseline -0.007 -10"><span class='ocrx_word' id='word_1_369' title='bbox 263 2177 338 2216; x_wconf 86' lang='lat' dir='ltr'><strong>dit.)</strong></span> <span class='ocrx_word' id='word_1_370' title='bbox 365 2175 525 2205; x_wconf 75' lang='lat' dir='ltr'><strong>TrIbuitur</strong></span> <span class='ocrx_word' id='word_1_371' title='bbox 551 2179 657 2204; x_wconf 85' lang='lat' dir='ltr'><strong>autem</strong></span> <span class='ocrx_word' id='word_1_372' title='bbox 685 2174 753 2203; x_wconf 85' lang='lat' dir='ltr'><strong>loco</strong></span> <span class='ocrx_word' id='word_1_373' title='bbox 781 2171 883 2209; x_wconf 54' lang='grc' dir='ltr'><strong>Δοέω,</strong></span> <span class='ocrx_word' id='word_1_374' title='bbox 922 2169 1006 2210; x_wconf 90' lang='lat' dir='ltr'><strong>quod</strong></span> <span class='ocrx_word' id='word_1_375' title='bbox 1033 2169 1213 2200; x_wconf 83' lang='lat' dir='ltr'><strong>hominibus</strong></span> <span class='ocrx_word' id='word_1_376' title='bbox 1246 2168 1275 2197; x_wconf 83' lang='lat' dir='ltr'><strong>in</strong></span> <span class='ocrx_word' id='word_1_377' title='bbox 1311 2178 1349 2198; x_wconf 90' lang='lat' dir='ltr'><strong>eo</strong></span> <span class='ocrx_word' id='word_1_378' title='bbox 1386 2168 1455 2197; x_wconf 75' lang='lat' dir='ltr'>loco</span> <span class='ocrx_word' id='word_1_379' title='bbox 1492 2154 1700 2207; x_wconf 79' lang='lat' dir='ltr'><strong>congregatis</strong></span> <span class='ocrx_word' id='word_1_380' title='bbox 1738 2165 1937 2196; x_wconf 84' lang='lat' dir='ltr'><strong>tribuendum</strong></span> <span class='ocrx_word' id='word_1_381' title='bbox 1973 2168 2053 2194; x_wconf 81' lang='lat' dir='ltr'><strong>erat.</strong></span> 
     </span>
    </p>
   </div>
   <div class='ocr_carea' id='block_1_8' title="bbox 262 2225 2055 2284">
    <p class='ocr_par' dir='ltr' id='par_1_10' title="bbox 262 2225 2055 2284">
     <span class='ocr_line' id='line_1_33' title="bbox 262 2225 2055 2284; baseline -0.008 -14"><span class='ocrx_word' id='word_1_382' title='bbox 262 2239 340 2270; x_wconf 79' lang='lat' dir='ltr'><strong>Vox</strong></span> <span class='ocrx_word' id='word_1_383' title='bbox 354 2247 425 2284; x_wconf 64' lang='lat' dir='ltr'><strong>j?</strong></span> <span class='ocrx_word' id='word_1_384' title='bbox 450 2237 576 2277; x_wconf 85' lang='lat' dir='ltr'><strong>proprie</strong></span> <span class='ocrx_word' id='word_1_385' title='bbox 604 2236 726 2266; x_wconf 79' lang='lat' dir='ltr'><strong>locus</strong></span> <span class='ocrx_word' id='word_1_386' title='bbox 752 2235 934 2265; x_wconf 76' lang='lat' dir='ltr'><strong>munitus</strong></span> <span class='ocrx_word' id='word_1_387' title='bbox 963 2238 1026 2264; x_wconf 86' lang='lat' dir='ltr'><strong>est.</strong></span> <span class='ocrx_word' id='word_1_388' title='bbox 1068 2232 1150 2263; x_wconf 89' lang='lat' dir='ltr'><strong>Cum</strong></span> <span class='ocrx_word' id='word_1_389' title='bbox 1186 2232 1246 2261; x_wconf 88' lang='lat' dir='ltr'><strong>hoc</strong></span> <span class='ocrx_word' id='word_1_390' title='bbox 1281 2231 1377 2272; x_wconf 87' lang='lat' dir='ltr'><strong>igitur</strong></span> <span class='ocrx_word' id='word_1_391' title='bbox 1413 2234 1509 2269; x_wconf 80' lang='lat' dir='ltr'><strong>poeta</strong></span> <span class='ocrx_word' id='word_1_392' title='bbox 1543 2238 1580 2258; x_wconf 87' lang='lat' dir='ltr'><strong>se</strong></span> <span class='ocrx_word' id='word_1_393' title='bbox 1607 2234 1790 2268; x_wconf 77' lang='lat' dir='ltr'><strong>comparat,</strong></span> <span class='ocrx_word' id='word_1_394' title='bbox 1829 2233 1861 2258; x_wconf 83' lang='lat' dir='ltr'><strong>ut</strong></span> <span class='ocrx_word' id='word_1_395' title='bbox 1889 2228 1940 2258; x_wconf 82' lang='lat' dir='ltr'><strong>aiii</strong></span> <span class='ocrx_word' id='word_1_396' title='bbox 1969 2225 2055 2266; x_wconf 85' lang='lat' dir='ltr'><strong>apud</strong></span> 
     </span>
    </p>
   </div>
   <div class='ocr_carea' id='block_1_9' title="bbox 263 2300 767 2344">
    <p class='ocr_par' dir='ltr' id='par_1_11' title="bbox 263 2300 767 2344">
     <span class='ocr_line' id='line_1_34' title="bbox 263 2300 767 2344; baseline -0.01 -11"><span class='ocrx_word' id='word_1_397' title='bbox 263 2304 369 2344; x_wconf 87' lang='lat' dir='ltr'><strong>ipsum</strong></span> <span class='ocrx_word' id='word_1_398' title='bbox 395 2303 427 2332; x_wconf 87' lang='lat' dir='ltr'><strong>in</strong></span> <span class='ocrx_word' id='word_1_399' title='bbox 454 2302 522 2332; x_wconf 82' lang='lat' dir='ltr'>loco</span> <span class='ocrx_word' id='word_1_400' title='bbox 550 2309 666 2331; x_wconf 84' lang='lat' dir='ltr'><strong>securo</strong></span> <span class='ocrx_word' id='word_1_401' title='bbox 692 2300 767 2329; x_wconf 86' lang='lat' dir='ltr'><strong>sint.</strong></span> 
     </span>
    </p>
   </div>
   <div class='ocr_carea' id='block_1_10' title="bbox 541 2361 609 2366">
    <p class='ocr_par' dir='ltr' id='par_1_12' title="bbox 541 2361 609 2366">
     <span class='ocr_line' id='line_1_35' title="bbox 541 2361 609 2366; baseline 0 0"><span class='ocrx_word' id='word_1_402' title='bbox 541 2361 609 2366; x_wconf 95' lang='lat' dir='ltr'><strong> </strong></span> 
     </span>
    </p>
   </div>
   <div class='ocr_carea' id='block_1_11' title="bbox 279 2371 2056 2617">
    <p class='ocr_par' dir='ltr' id='par_1_13' title="bbox 279 2371 2054 2523">
     <span class='ocr_line' id='line_1_36' title="bbox 279 2371 2053 2418; baseline -0.008 -8"><span class='ocrx_word' id='word_1_403' title='bbox 279 2385 312 2418; x_wconf 85' lang='lat'><strong>1)</strong></span> <span class='ocrx_word' id='word_1_404' title='bbox 331 2387 421 2410; x_wconf 79' lang='lat' dir='ltr'><strong>Hocce</strong></span> <span class='ocrx_word' id='word_1_405' title='bbox 440 2385 609 2415; x_wconf 72' lang='lat' dir='ltr'><strong>proverbium</strong></span> <span class='ocrx_word' id='word_1_406' title='bbox 630 2391 645 2406; x_wconf 76' lang='lat' dir='ltr'><strong>a</strong></span> <span class='ocrx_word' id='word_1_407' title='bbox 665 2390 703 2406; x_wconf 80' lang='lat' dir='ltr'><strong>ine</strong></span> <span class='ocrx_word' id='word_1_408' title='bbox 722 2382 874 2413; x_wconf 69' lang='lat' dir='ltr'><strong>neglect-um</strong></span> <span class='ocrx_word' id='word_1_409' title='bbox 893 2384 943 2405; x_wconf 85' lang='lat' dir='ltr'><strong>est.</strong></span> <span class='ocrx_word' id='word_1_410' title='bbox 979 2382 1082 2404; x_wconf 75' lang='lat' dir='ltr'><strong>Sensus</strong></span> <span class='ocrx_word' id='word_1_411' title='bbox 1100 2384 1186 2403; x_wconf 74' lang='lat' dir='ltr'><strong>autem</strong></span> <span class='ocrx_word' id='word_1_412' title='bbox 1206 2378 1348 2402; x_wconf 73' lang='lat' dir='ltr'><strong>verborum</strong></span> <span class='ocrx_word' id='word_1_413' title='bbox 1367 2377 1424 2400; x_wconf 75' lang='lat' dir='ltr'><strong>sine</strong></span> <span class='ocrx_word' id='word_1_414' title='bbox 1442 2376 1523 2400; x_wconf 80' lang='lat' dir='ltr'><strong>dubio</strong></span> <span class='ocrx_word' id='word_1_415' title='bbox 1542 2379 1598 2405; x_wconf 86' lang='lat' dir='ltr'><strong>est,</strong></span> <span class='ocrx_word' id='word_1_416' title='bbox 1627 2374 1793 2399; x_wconf 68' lang='lat' dir='ltr'><strong>Kamai-itam</strong></span> <span class='ocrx_word' id='word_1_417' title='bbox 1820 2373 1868 2396; x_wconf 82' lang='lat' dir='ltr'><strong>sibi</strong></span> <span class='ocrx_word' id='word_1_418' title='bbox 1888 2371 1965 2396; x_wconf 81' lang='lat' dir='ltr'><strong>nimis</strong></span> <span class='ocrx_word' id='word_1_419' title='bbox 1983 2377 2053 2395; x_wconf 84' lang='lat' dir='ltr'><strong>con—</strong></span> 
     </span>
     <span class='ocr_line' id='line_1_37' title="bbox 329 2419 2054 2461; baseline -0.009 -5"><span class='ocrx_word' id='word_1_420' title='bbox 329 2434 411 2457; x_wconf 83' lang='lat' dir='ltr'><strong>fidere</strong></span> <span class='ocrx_word' id='word_1_421' title='bbox 430 2435 455 2455; x_wconf 83' lang='lat' dir='ltr'><strong>et</strong></span> <span class='ocrx_word' id='word_1_422' title='bbox 474 2432 500 2455; x_wconf 88' lang='lat' dir='ltr'><strong>iu</strong></span> <span class='ocrx_word' id='word_1_423' title='bbox 519 2438 552 2454; x_wconf 83' lang='lat' dir='ltr'><strong>eo</strong></span> <span class='ocrx_word' id='word_1_424' title='bbox 571 2432 639 2461; x_wconf 76' lang='lat' dir='ltr'><strong>quud</strong></span> <span class='ocrx_word' id='word_1_425' title='bbox 660 2430 742 2453; x_wconf 71' lang='lat' dir='ltr'><strong>multa</strong></span> <span class='ocrx_word' id='word_1_426' title='bbox 761 2430 842 2452; x_wconf 74' lang='lat' dir='ltr'><strong>verba</strong></span> <span class='ocrx_word' id='word_1_427' title='bbox 859 2427 1010 2458; x_wconf 78' lang='lat' dir='ltr'><strong>explicandi</strong></span> <span class='ocrx_word' id='word_1_428' title='bbox 1029 2433 1111 2449; x_wconf 77' lang='lat' dir='ltr'><strong>causa</strong></span> <span class='ocrx_word' id='word_1_429' title='bbox 1128 2426 1247 2456; x_wconf 72' lang='lat' dir='ltr'><strong>adterat,</strong></span> <span class='ocrx_word' id='word_1_430' title='bbox 1273 2423 1398 2448; x_wconf 85' lang='lat' dir='ltr'><strong>indicium</strong></span> <span class='ocrx_word' id='word_1_431' title='bbox 1422 2423 1523 2446; x_wconf 79' lang='lat' dir='ltr'><strong>amoris</strong></span> <span class='ocrx_word' id='word_1_432' title='bbox 1546 2422 1588 2446; x_wconf 88' lang='lat' dir='ltr'><strong>sui</strong></span> <span class='ocrx_word' id='word_1_433' title='bbox 1613 2428 1682 2446; x_wconf 85' lang='lat' dir='ltr'><strong>esse.</strong></span> <span class='ocrx_word' id='word_1_434' title='bbox 1726 2421 1755 2444; x_wconf 77' lang='lat' dir='ltr'><strong>ln</strong></span> <span class='ocrx_word' id='word_1_435' title='bbox 1779 2419 1972 2443; x_wconf 59' lang='lat' dir='ltr'><strong>codice&#39;rebr.</strong></span> <span class='ocrx_word' id='word_1_436' title='bbox 1991 2422 2054 2441; x_wconf 78' lang='lat' dir='ltr'><strong>ante</strong></span> 
     </span>
     <span class='ocr_line' id='line_1_38' title="bbox 331 2477 1158 2523; baseline -0.007 -15"><span class='ocrx_word' id='word_1_437' title='bbox 331 2492 422 2510; x_wconf 84' lang='lat' dir='ltr'><strong>vocem</strong></span> <span class='ocrx_word' id='word_1_438' title='bbox 442 2479 565 2520; x_wconf 33' lang='lat' dir='ltr'><strong>*aL-:affl</strong></span> <span class='ocrx_word' id='word_1_439' title='bbox 595 2493 647 2509; x_wconf 83' lang='lat' dir='ltr'><strong>vox</strong></span> <span class='ocrx_word' id='word_1_440' title='bbox 675 2477 738 2523; x_wconf 47' lang='lat'><strong>8555</strong></span> <span class='ocrx_word' id='word_1_441' title='bbox 760 2483 829 2506; x_wconf 79' lang='lat' dir='ltr'><strong>inter</strong></span> <span class='ocrx_word' id='word_1_442' title='bbox 847 2482 935 2505; x_wconf 85' lang='lat' dir='ltr'><strong>lineas</strong></span> <span class='ocrx_word' id='word_1_443' title='bbox 953 2480 1091 2509; x_wconf 74' lang='lat' dir='ltr'><strong>adscripta</strong></span> <span class='ocrx_word' id='word_1_444' title='bbox 1109 2483 1158 2502; x_wconf 85' lang='lat' dir='ltr'><strong>est.</strong></span> 
     </span>
    </p>

    <p class='ocr_par' dir='ltr' id='par_1_14' title="bbox 282 2525 2056 2617">
     <span class='ocr_line' id='line_1_39' title="bbox 282 2525 2056 2570; baseline -0.008 -6"><span class='ocrx_word' id='word_1_445' title='bbox 282 2541 313 2569; x_wconf 75' lang='lat'><strong>2)</strong></span> <span class='ocrx_word' id='word_1_446' title='bbox 332 2541 445 2570; x_wconf 65' lang='lat' dir='ltr'><strong>Tempus·</strong></span> <span class='ocrx_word' id='word_1_447' title='bbox 466 2538 640 2570; x_wconf 52' lang='lat' dir='ltr'><strong>]ioahwijahi</strong></span> <span class='ocrx_word' id='word_1_448' title='bbox 659 2539 757 2567; x_wconf 71' lang='lat' dir='ltr'><strong>attigit.</strong></span> <span class='ocrx_word' id='word_1_449' title='bbox 794 2539 881 2562; x_wconf 80' lang='lat' dir='ltr'><strong>Tanta</strong></span> <span class='ocrx_word' id='word_1_450' title='bbox 897 2536 954 2560; x_wconf 89' lang='lat' dir='ltr'><strong>eius</strong></span> <span class='ocrx_word' id='word_1_451' title='bbox 973 2536 999 2560; x_wconf 79' lang='lat' dir='ltr'><strong>in</strong></span> <span class='ocrx_word' id='word_1_452' title='bbox 1018 2534 1180 2567; x_wconf 80' lang='lat' dir='ltr'><strong>genealogia</strong></span> <span class='ocrx_word' id='word_1_453' title='bbox 1198 2534 1323 2558; x_wconf 79' lang='lat' dir='ltr'><strong>doctrina</strong></span> <span class='ocrx_word' id='word_1_454' title='bbox 1341 2536 1410 2562; x_wconf 63' lang='lat' dir='ltr'><strong>erat,</strong></span> <span class='ocrx_word' id='word_1_455' title='bbox 1430 2537 1457 2556; x_wconf 81' lang='grc' dir='ltr'><strong>υι</strong></span> <span class='ocrx_word' id='word_1_456' title='bbox 1476 2533 1502 2555; x_wconf 83' lang='lat' dir='ltr'><strong>in</strong></span> <span class='ocrx_word' id='word_1_457' title='bbox 1527 2529 1699 2562; x_wconf 74' lang='lat' dir='ltr'><strong>prover-bium</strong></span> <span class='ocrx_word' id='word_1_458' title='bbox 1727 2527 1829 2551; x_wconf 76' lang='lat' dir='ltr'><strong>veniret</strong></span> <span class='ocrx_word' id='word_1_459' title='bbox 1847 2532 1888 2549; x_wconf 86' lang='lat' dir='ltr'><strong>co</strong></span> <span class='ocrx_word' id='word_1_460' title='bbox 1900 2532 1914 2548; x_wconf 89' lang='lat' dir='ltr'><strong>n</strong></span> <span class='ocrx_word' id='word_1_461' title='bbox 1926 2526 1943 2552; x_wconf 72' lang='lat' dir='ltr'><strong>t.</strong></span> <span class='ocrx_word' id='word_1_462' title='bbox 1971 2525 2056 2550; x_wconf 71' lang='lat' dir='ltr'><strong>Mem.</strong></span> 
     </span>
     <span class='ocr_line' id='line_1_40' title="bbox 330 2583 948 2617; baseline -0.006 -7"><span class='ocrx_word' id='word_1_463' title='bbox 330 2587 359 2611; x_wconf 90' lang='lat' dir='ltr'><strong>C.</strong></span> <span class='ocrx_word' id='word_1_464' title='bbox 379 2587 425 2617; x_wconf 76' lang='lat'><strong>25,</strong></span> <span class='ocrx_word' id='word_1_465' title='bbox 444 2587 489 2609; x_wconf 73' lang='lat'><strong>86.</strong></span> <span class='ocrx_word' id='word_1_466' title='bbox 506 2586 535 2609; x_wconf 77' lang='lat' dir='ltr'><strong>C.</strong></span> <span class='ocrx_word' id='word_1_467' title='bbox 558 2586 600 2616; x_wconf 66' lang='grc'><strong>18,</strong></span> <span class='ocrx_word' id='word_1_468' title='bbox 618 2586 672 2608; x_wconf 75' lang='grc'><strong>267</strong></span> <span class='ocrx_word' id='word_1_469' title='bbox 692 2591 732 2608; x_wconf 84' lang='lat' dir='ltr'><strong>co</strong></span> <span class='ocrx_word' id='word_1_470' title='bbox 746 2584 790 2607; x_wconf 82' lang='lat' dir='ltr'><strong>uf.</strong></span> <span class='ocrx_word' id='word_1_471' title='bbox 810 2583 839 2608; x_wconf 88' lang='lat' dir='ltr'><strong>C.</strong></span> <span class='ocrx_word' id='word_1_472' title='bbox 862 2583 885 2612; x_wconf 85' lang='lat'><strong>1,</strong></span> <span class='ocrx_word' id='word_1_473' title='bbox 903 2584 948 2606; x_wconf 77' lang='lat'><strong>3⁵.</strong></span> 
     </span>
    </p>
   </div>
  </div>
 </body>
</html>
