2247 2865
923 83 1191 114 -549—

157 182 192 213 ³.
212 181 257 212 Ue
277 182 360 211 duae
377 184 488 218 qmtes
512 181 626 210 Malim·
647 190 817 218 earumque
839 180 929 208 turba
953 182 1054 208 nom-lu
1077 180 1195 213 sciant,
1219 179 1342 208 caedem
1362 178 1508 208 Allwlule'
1528 180 1670 208 illicilum
1692 180 1770 209 milu'
1788 188 1851 208 non
1871 189 1950 215 ene,

256 251 396 282 Causam
424 250 522 289 addit,
551 260 607 281 cur
636 253 743 290 optet,
770 254 802 278 ut
832 249 860 278 in
888 249 949 278 ista
978 258 1086 287 pugna
1115 258 1270 288 praesens
1298 249 1404 278 suerit.
1457 250 1502 278 Sc
1531 250 1631 279 virum
1663 250 1746 279 illum
1774 250 1950 279 occisurum

157 313 275 352 fuisse,
301 318 334 344 ut
361 318 476 354 gentes
505 314 576 342 illne
603 314 833 352 cognoverint,
861 321 899 340 sc
927 320 996 341 cum
1025 311 1168 340 occidere
1196 319 1300 350 posse.
1355 311 1389 340 1⁴¹2
1403 311 1438 340 *ri
1468 315 1575 349 potest
1592 333 1599 346 ,
1639 316 1669 340 ut
1699 316 1793 348 poeta
1821 311 1950 340 aliorum

155 375 334 414 opinionem
368 375 535 414 respiciat,
571 375 637 414 qui,
665 382 758 412 quum
792 373 873 402 illum
901 374 1003 402 virum
1034 373 1167 402 nonduin
1199 373 1371 413 occiderit,
1411 382 1480 403 cum
1510 373 1659 412 ignaviae
1687 377 1874 401 accusarent
1901 371 1951 400 di-

155 441 280 476 centeS,
306 446 378 466 eum
407 435 537 466 caedem
562 435 645 465 illius
673 438 733 465 viri
765 436 901 465 illicitam
931 436 1047 465 lialierc
1076 435 1243 473 (conseras
1271 446 1353 476 quac
1381 435 1419 465 ad
1448 446 1578 465 versum
1607 436 1740 475 primum
1768 431 1945 474 adnotavi).

155 498 320 537 Quaenam
348 497 430 528 duae
457 504 572 538 gentes
601 499 709 528 Malioi
745 498 880 533 suerint.
920 504 1072 528 accurate
1100 498 1232 528 delinire
1260 498 1340 528 lmud
1369 508 1467 529 ausus
1495 499 1575 538 sim3
1610 497 1668 527 sed
1699 496 1847 526 videntur
1874 505 1950 525 csse

155 565 273 601 gentes
299 559 388 590 Aulis
411 565 441 589 et
473 561 577 590 Malet-
605 561 729 599 (cons.
760 562 850 591 llam.
880 571 909 601 p.
939 560 989 590 1*ιὲ
1014 571 1044 590 v.
1076 562 1139 599 2.).
1204 560 1292 590 Voce
1329 557 1419 599 2424AE
1457 564 1563 589 autem
1601 558 1744 588 homines
1777 567 1818 587 ex
1852 556 1951 586 variis

155 623 306 663 gentibus
332 623 432 663 mixti,
462 624 511 662 qui
543 633 611 653 cum
641 624 712 654 istis
742 624 891 664 gentibus
919 624 1078 653 coniuncti
1106 627 1208 659 erant,
1236 622 1406 661 significat.
1460 622 1534 651 Vox
1561 618 1647 665 2055*
1683 630 1755 649 eum
1789 618 1951 659 designat,

155 684 206 723 qui
234 686 264 714 in
292 684 423 725 regione
453 685 588 714 Μαι-0110
615 694 708 714 sacra
737 689 886 714 versatur
914 690 967 714 aut
997 694 1106 713 mense
1134 694 1227 714 sacro
1256 684 1364 723 ‹legit3
1392 693 1452 723 quo
1482 683 1611 713 caedem
1638 683 1744 712 facere
1770 681 1861 711 nefas
1889 679 1950 710 ha-

158 747 260 776 betur.
313 746 422 776 Verba
450 751 556 775 autem
584 750 697 786 poetae
726 747 836 776 :xli-aih
864 747 970 786 (metr.
999 746 1147 785 Carnem:
1185 746 1439 776 Occiderunt
1467 746 1826 784 Ebu-Alisfanum,
1853 743 1950 773 cha-

157 808 295 849 lifam,
323 808 409 839 dum
447 809 480 838 M
497 809 637 838 01111111
673 812 761 838 erat
789 811 835 838 sic
863 809 1039 848 explicant,
1078 818 1150 838 eum
1177 808 1259 847 quod
1289 808 1424 839 antistes
1451 805 1600 852 (huam),
1638 809 1667 838 in
1696 808 1772 837 urbe
1799 815 1892 837 sacra
1918 810 1952 835 et

157 881 265 902 mense
291 881 383 901 sacro
398 873 423 911 ¹)
454 871 602 912 degeret,
631 870 731 901 occidi
757 870 848 901 nefas
879 870 1054 900 habendum
1081 879 1168 900 esse.

156 981 188 1010 4.
210 979 346 1010 Soliairo
369 979 441 1009 dle!
467 982 497 1008 si
514 989 684 1017 yenerosos
706 983 832 1008 nostros
861 980 1056 1008 conlumeliis
1086 980 1239 1019 lacessi-57
1271 990 1328 1009 nos
1358 980 1556 1009 contumeliis
1586 989 1649 1009 non
1678 980 1838 1017 adjicimus
1867 986 1947 1013 eum,

805 1036 862 1071 qui
885 1035 1082 1063 conlumeliis
1105 1045 1140 1062 se
1161 1037 1300 1072 esponit.

253 1102 427 1141 Sohairus,
465 1102 554 1133 cuius
585 1103 613 1132 in
641 1102 703 1132 lioc
730 1112 830 1132 versu
859 1103 1049 1132 mentionem
1077 1102 1174 1143 facit,
1211 1103 1282 1134 sine
1319 1103 1413 1134 dubio
1447 1108 1593 1144 poetam,
1633 1103 1775 1134 sortasse
1810 1105 1844 1131 et
1870 1100 1950 1130 alios

155 1165 262 1206 gentis
289 1165 378 1195 viros
397 1165 597 1196 contumeliis
613 1165 787 1196 adfecerat.
820 1165 1041 1195 Contumeliae
1068 1165 1140 1194 illae
1167 1165 1309 1195 fortasse
1335 1166 1375 1203 id,
1406 1165 1488 1206 quod
1510 1165 1594 1195 illum
1620 1166 1771 1195 Hotatum
1798 1173 1817 1193 a
1843 1170 1952 1203 pugna

154 1227 273 1257 absens
299 1236 361 1257 non
387 1226 560 1267 occiderat,
588 1232 750 1266 spectant.
807 1227 924 1257 Verbis
952 1236 987 1257 se
1012 1236 1168 1266 suamque
1196 1231 1323 1267 gentem
1350 1227 1481 1256 iniurias
1509 1236 1571 1256 nun
1599 1226 1708 1256 ulcisci
1735 1224 1818 1254 dicit.

155 1337 187 1368 5.
209 1335 277 1367 Sea!
295 1338 443 1366 iniuriam
464 1338 621 1373 patienter
641 1344 704 1364 non
723 1337 859 1374 serinms
881 1339 912 1364 el
933 1345 991 1364 nos
1011 1336 1154 1372 ylmlium
1187 1337 1275 1364 tenui
1297 1338 1365 1364 acie
1392 1338 1583 1365 instructum
1611 1345 1669 1372 pe-
1725 1330 1792 1376 (ῃ.
1824 1327 1950 1373 3¹¹.)

864 1388 1043 1418 'netranlem
1069 1391 1249 1426 arripimus,

255 1460 394 1498 Modum,
419 1469 480 1498 quo
508 1460 638 1489 iniurias
666 1460 876 1497 ulciscuntur,
905 1459 1066 1489 describit.
1118 1459 1267 1488 Virorum
1294 1457 1419 1487 fortium
1447 1457 1560 1497 agendi
1585 1458 1737 1487 rationein
1764 1459 1951 1495 sequuntur,

157 1523 209 1562 qui
235 1521 395 1562 gladium,
434 1530 495 1550 non
522 1522 621 1550 verba
649 1521 880 1551 contumeliosa
906 1521 1063 1551 adhibent.
1120 1516 1260 1549 Verbum
1287 1520 1403 1565 σιω
1431 1518 1612 1559 significat,
1651 1529 1709 1549 eos
1737 1519 1850 1560 gladiis
1879 1517 1950 1547 loco

156 1582 339 1613 baculorum
376 1582 441 1622 uti,
480 1588 530 1619 ut,
565 1582 592 1611 si
629 1582 680 1611 alii
719 1582 837 1612 baculis
867 1582 1074 1612 adversarios
1102 1584 1302 1623 percutiant,
1339 1583 1400 1622 ipsi
1428 1581 1553 1623 gladios
1582 1581 1762 1610 adhibeant.
1815 1579 1951 1619 optimis

155 1644 272 1685 gladiis
300 1644 403 1674 tenuis
430 1643 548 1683 duplex
575 1646 664 1673 acics
692 1645 836 1675 tribuitur
863 1652 895 1675 ct
924 1646 982 1674 hoc
1009 1645 1122 1675 Indicis
1148 1644 1264 1685 gladiis
1287 1644 1429 1674 sortasse
1448 1644 1610 1683 proprium
1628 1647 1696 1673 erat
1723 1642 1842 1680 (conf.
1859 1642 1949 1671 llam.

155 1717 186 1747 p.
212 1718 245 1736 ον
272 1717 304 1736 v.
333 1707 394 1747 2.).
448 1707 636 1736 Acuussimi
666 1713 771 1737 autem
800 1708 896 1749 gladii
925 1709 1068 1738 indii-ium
1097 1713 1168 1747 est,
1205 1708 1290 1748 quod
1319 1708 1348 1737 in
1375 1717 1464 1748 rem,
1501 1716 1541 1736 ne
1568 1715 1647 1735 sono
1675 1705 1801 1745 quidem
1830 1704 1952 1744 audito,

157 1774 302 1810 penetrat
328 1775 360 1800 et
388 1771 481 1800 taleni
511 1770 651 1811 gladium
681 1781 746 1800 vox
775 1782 889 1808 lau-vo
917 1773 1076 1811 designat.

157 1877 190 1907 6.
213 1876 335 1906 Manus
355 1881 482 1907 nostrae
503 1881 687 1916 φησι-11111133
717 1883 794 1909 sun!
822 1883 852 1908 et
881 1880 1048 1908 consilinm
1072 1883 1213 1908 nostrum
1237 1879 1419 1916 intelliyens
1443 1883 1473 1907 et
1490 1879 1604 1918 factis,
1629 1887 1691 1907 non
1714 1877 1815 1906 verbis
1838 1878 1952 1905 contu-

911 1945 939 1962 m
944 1935 1005 1962 elia·
1029 1936 1199 1973 adjicimus.

256 1999 454 2031 Scholiastes
483 2000 583 2038 dixit,
620 2003 837 2041 metaphorice
875 2003 1020 2042 loquendi
1048 2004 1137 2033 niodo
1165 2005 1313 2034 membris
1341 2003 1477 2034 hominis
1506 2001 1622 2042 agendi
1653 1998 1805 2031 rationem
1835 2000 1951 2036 tribui3

158 2062 216 2093 sed
245 2062 306 2093 hoc
333 2064 362 2092 in
389 2072 484 2093 versu
513 2064 690 2103 ignorantia
718 2066 861 2095 manibus
890 2066 1029 2096 adscribi
1057 2067 1194 2105 videtur,
1225 2066 1308 2105 quod
1335 2066 1479 2096 manibus
1498 2064 1642 2094 homines
1665 2064 1737 2094 talia
1765 2067 1952 2102 perpetrare

157 2125 284 2166 solent,
322 2134 403 2164 quae
436 2126 475 2154 ab
502 2125 681 2166 ignorantia
708 2132 740 2157 et
767 2127 843 2157 (lure
871 2129 985 2168 agendi
1018 2130 1109 2158 modo
1136 2129 1390 2168 proficiscuntur.
1442 2128 1497 2157 Sic
1524 2135 1648 2166 quoque
1675 2135 1775 2156 voces
1808 2124 1895 2163 A>
1918 2130 1952 2155 et

157 2188 234 2228 34?
260 2188 428 2227 oppositae
455 2187 614 2223 videntur,
645 2193 676 2217 ut
706 2188 759 2217 illa
785 2188 1025 2228 intelligentiam
1054 2196 1087 2219 et
1114 2201 1184 2220 cum
1213 2202 1251 2221 ea
1279 2191 1392 2220 leniter
1419 2189 1536 2230 agendi
1564 2190 1716 2218 rationem
1737 2189 1950 2228 coniunctam,

158 2251 240 2280 haec
266 2250 476 2291 ignorantiam
503 2255 532 2279 et
564 2259 635 2280 cum
663 2261 702 2281 ea
729 2251 808 2281 dure
835 2252 915 2281 alios
943 2254 1098 2283 tractandi
1129 2255 1281 2284 rationem
1310 2254 1536 2283 cohaerentem
1571 2251 1743 2292 significet.
1793 2250 1883 2280 Haec
1910 2248 1951 2279 ad

158 2312 242 2343 illam
282 2312 400 2353 agendi
437 2314 612 2353 rationem,
654 2323 713 2353 qua
751 2313 858 2354 gladio
900 2319 932 2344 et
971 2324 1033 2344 non
1071 2315 1178 2344 verbis
1207 2315 1338 2345 iniurias
1365 2315 1571 2350 ulciscuntur,
1601 2313 1763 2350 respicere
1788 2310 1946 2340 videntur.

159 2374 363 2405 Scholiastes
389 2374 451 2404 illis
479 2375 587 2404 verbis
615 2384 742 2406 sensum
769 2376 896 2416 tribuit,
939 2386 980 2406 ex
1015 2386 1124 2407 eorum
1160 2377 1273 2407 animis
1307 2386 1465 2416 nunquam
1504 2374 1627 2414 prodire
1653 2372 1768 2414 agendi
1795 2372 1950 2405 rationem

178 2475 210 2508 1)
227 2475 352 2508 Quatuor
370 2481 449 2501 eraut
468 2483 576 2501 menses
595 2478 677 2507 sacri,
696 2479 721 2502 111
740 2479 835 2510 quihus
854 2487 975 2512 pugnare
998 2483 1026 2505 et
1049 2480 1174 2504 occidere
1194 2481 1270 2504 nefas
1289 2480 1446 2508 ducebatur,
1471 2476 1692 2505 usui-Kandak,
1712 2470 1949 2504 Dsul-uidjdjah,

224 2521 379 2546 Alaban-em
398 2525 424 2546 et
440 2521 541 2553 Redjeb
562 2524 650 2546 Kam.
669 2524 767 2547 Metu.
791 2525 834 2555 18,
853 2526 898 2548 87.
944 2526 1022 2550 Genti
1052 2526 1116 2549 Thai
1139 2530 1166 2550 et
1192 2526 1317 2549 Chatsam
1342 2525 1382 2548 illi
1414 2530 1522 2547 menses
1547 2523 1619 2546 sacri
1644 2528 1696 2546 nou
1728 2524 1813 2545 erant.
1860 2519 1952 2544 eausa

222 2566 281 2591 sine
297 2567 375 2591 dubio
391 2567 417 2592 iu
435 2566 542 2592 diversa
558 2575 650 2593 eorum
667 2569 798 2600 religione
815 2572 967 2601 quaerenda
985 2573 1036 2596 est.
1055 2571 1142 2596 conf.
1162 2571 1271 2596 Goliam
1289 2571 1322 2594 ad
1342 2570 1485 2600 Alfargan.
1505 2575 1529 2599 p.
1547 2568 1574 2592 4.
1593 2569 1618 2592 5.
