2247 2865
981 106 1151 136 —524
1211 123 1255 129 —

222 214 284 243 ista
311 210 489 242 constantia
514 210 543 240 in
572 208 741 250 pugnando
771 207 940 246 praecipua
967 215 1067 236 causa
1094 215 1167 236 esse
1195 208 1311 245 potest,
1339 213 1396 234 cur
1423 203 1551 233 fortuna
1578 211 1636 231 eos
1663 210 1724 230 non
1745 200 1918 241 reliquerit.
1956 201 2010 231 Nil

221 284 344 314 quoque
378 274 504 308 obstat,
542 273 616 312 quin
644 272 673 300 in
702 271 761 300 hoc
788 279 885 299 versu
914 268 1047 298 victoria
1074 270 1146 307 ipsa
1172 268 1334 308 descripta
1361 269 1401 298 sit
1429 272 1461 297 et
1489 275 1585 296 causa
1612 264 1771 294 victoriae
1806 272 1906 292 versu
1937 272 2013 302 pro-

223 337 309 366 xime
338 334 550 364 antecedente
580 336 800 369 contineatur,
838 340 907 359 nam
945 335 979 359 ut
1009 331 1118 360 lassae
1154 330 1182 359 in
1214 340 1318 370 pugna
1346 340 1455 360 manus
1483 334 1515 358 et
1542 329 1675 358 lanceae
1701 326 1843 356 inflexae
1880 323 2010 365 cladem¹

220 399 270 428 sie
296 407 420 437 quoque
457 396 583 426 fortuna
617 405 677 424 non
714 396 897 432 caespitans
936 392 1103 422 victoriam
1143 392 1315 433 designare
1350 396 1469 431 potest.
1521 391 1647 420 Lassae
1677 397 1788 418 manus
1816 391 1848 416 et
1875 385 2015 415 inflexae

222 462 352 492 lanceae
384 466 444 490 tam
470 459 652 500 significare
681 461 837 496 possunt,
873 465 929 485 eos
958 455 1112 494 fatigatos
1141 465 1159 483 a
1189 465 1295 495 pugna
1321 454 1489 484 destitisse
1525 452 1634 483 conf.
1664 452 1758 482 Ham.
1786 460 1815 489 p.
1846 451 1882 478 ir‘t
1912 458 1944 478 v.
1969 447 2016 487 2.,

222 533 317 563 quam
346 522 502 561 indicare,
528 530 585 550 eos
613 521 720 549 victos
748 527 832 547 esse,
887 518 1002 546 hassis
1031 517 1173 546 manibus
1202 517 1330 545 lanceae
1356 525 1417 544 non
1444 516 1524 544 bene
1551 515 1694 544 directae
1720 516 1814 550 sunt,
1841 510 1896 541 sed
1924 509 2016 540 incli-

223 591 346 615 nantur.
400 585 500 613 Poeta
527 583 684 612 fortunam
713 587 858 619 tanquam
887 589 1056 619 personam
1085 579 1271 608 describens
1288 602 1295 615 ‚
1338 588 1407 608 eam
1435 587 1496 607 non
1523 577 1648 616 lapsare
1676 576 1757 606 dixit
1783 574 1895 605 conf.
1922 574 2015 603 Ham.

225 657 254 686 p.
287 648 325 675 Wv
354 656 384 675 v.
414 646 446 675 5.
499 645 619 674 Similis
646 643 792 682 loquendi
821 642 932 672 modus
961 647 1011 671 est
1038 629 1111 676 0235
1140 645 1239 682 w23·
1294 639 1459 680 Loquendi
1487 639 1630 678 modum,
1659 648 1720 677 quo
1747 647 1827 667 usus
1856 640 1952 676 poeta
1977 633 2017 664 de

228 709 354 738 fortuna
384 709 523 747 ipsorum
557 708 703 745 lapsante
733 707 816 744 loqui
851 705 996 736 videtur.
1037 714 1107 734 cum
1142 704 1343 734 hemistichio
1378 709 1495 743 poetae
1530 705 1640 740 (metr.
1666 701 1798 740 Sarih):
1835 701 1924 730 Non
1958 697 2016 727 ibi

225 771 346 801 vides
375 772 581 800 lacertam
609 771 647 798 in
681 768 903 798 latibulum
933 767 1258 807 ingredientem
1286 767 1478 796 scholiastes
1506 765 1712 804 comparavit,
1739 768 1774 793 ut
1800 765 1881 793 enim
1908 762 1938 791 in
1957 760 2018 790 hoc

228 836 322 872 poeta
350 833 485 861 lacertas
512 840 599 867 esse,
628 840 707 869 quae
726 830 754 859 in
772 830 933 859 latibulum
962 829 1215 869 ingrederentur!
1244 828 1388 869 negavit,
1416 828 1463 857 sic
1477 832 1587 856 noster
1606 826 1764 856 fortunam
1782 834 1869 855 suam
1887 824 2018 864 lapsan-

228 899 301 926 tem.
356 896 529 925 Fortunam
559 896 732 933 lapsantem
761 894 883 922 nonnisi
911 893 1059 922 hostibus
1085 874 1159 920 essse
1188 890 1274 920 dixit.

327 957 597 997 Abu-Rijasehus
625 957 663 985 de
692 966 789 985 causa
817 956 926 994 proelii
957 955 1089 993 loquens
1117 955 1279 981 auctorem
1308 955 1430 991 sectae,
1459 960 1477 980 e
1504 955 1603 991 gente
1631 948 1884 980 Banu-Hanifah
1910 947 2019 976 oriun-

228 1018 314 1057 dum,
341 1027 519 1059 cognomen
535 1015 837 1047 Abu-l'Molharrah
866 1017 1018 1046 hahuisse
1046 1015 1130 1044 dicit.
1191 1015 1311 1044 Ducem
1341 1013 1493 1052 quendam
1520 1013 1615 1042 huius
1643 1017 1765 1052 sectae,
1794 1009 2021 1041 Abu-Ahmru

228 1082 506 1123 cognominatum,
545 1082 574 1110 in
610 1086 736 1122 gentem
767 1079 857 1109 Asad
893 1084 925 1108 et
953 1079 1032 1107 Thai
1060 1082 1245 1118 grassatum
1283 1086 1368 1105 esse.
1423 1075 1483 1113 Qui
1513 1086 1604 1115 quum
1633 1080 1762 1117 gentem
1792 1071 2021 1104 Banu-Mahn

227 1145 427 1183 adflixisset,
459 1144 537 1174 hanc
563 1145 601 1175 ad
629 1154 768 1184 pugnam
796 1153 872 1172 sese
899 1143 1050 1171 incitasse
1079 1144 1109 1170 et
1138 1140 1280 1169 collectis
1309 1138 1402 1168 armis
1432 1139 1588 1168 abeuntes
1616 1143 1759 1169 secutam
1787 1147 1874 1166 esse.
1928 1135 2022 1166 Gen-

229 1213 293 1238 tem
322 1216 445 1247 quoque
473 1206 590 1236 Corani
618 1206 705 1241 libro,
733 1205 815 1244 quod
844 1213 955 1233 secum
983 1203 1127 1239 haberet,
1157 1201 1311 1241 producto
1338 1206 1369 1232 et
1397 1202 1435 1233 ad
1464 1202 1627 1243 regionem
1656 1201 1843 1229 Meceanam
1872 1196 2022 1236 (Kibtah)

228 1279 265 1299 se
293 1269 478 1309 dirigentem
511 1270 660 1307 impetum
689 1267 807 1296 fecisse
842 1271 873 1295 et
908 1265 1021 1294 hostes
1049 1264 1195 1304 fugasse.
1250 1263 1382 1293 Cladem
1411 1263 1567 1292 hominum
1596 1270 1741 1301 magnam
1769 1260 1880 1289 fuisse.
1935 1259 2023 1288 Nar-

230 1337 318 1373 rant,
356 1333 457 1361 Deum
489 1331 594 1360 missis
622 1330 756 1360 locustis
786 1330 815 1358 in
844 1328 954 1358 oculos
984 1327 1120 1356 hostium
1148 1326 1329 1355 volantibus
1359 1330 1487 1366 gentem
1515 1324 1595 1353 Thai
1624 1323 1820 1360 adfflvasse,
1859 1327 1894 1352 ut
1920 1330 2023 1359 neme,

233 1397 380 1435 exceptis
407 1394 529 1424 duobus
554 1394 646 1433 viris7
675 1392 750 1432 fuga
779 1390 942 1421 evaderet.
995 1389 1090 1427 Sunt,
1122 1389 1174 1428 qui
1202 1397 1353 1419 versuum
1383 1392 1562 1418 nostrorum
1588 1392 1750 1418 auctorem
1766 1387 1968 1417 Merwanum
1995 1385 2025 1416 b.

236 1456 448 1488 Ahbd-Allah
474 1457 503 1486 b.
531 1456 604 1495 Hajj
633 1455 736 1485 fuisse
766 1453 879 1483 dicant.

1032 1559 1236 1592 CXCVI.

750 1637 891 1672 mxit
915 1637 1187 1671 Alae-Hiram
1213 1636 1446 1670 Sinhisita
1466 1639 1505 1675 ¹).

336 1725 553 1756 Abu-Hilalus
582 1724 673 1763 dixit,
701 1723 806 1753 Sinhis
835 1732 946 1751 nomen
978 1721 1085 1750 uxoris
1113 1720 1243 1750 Ahmrui
1271 1721 1299 1750 b.
1330 1721 1491 1761 Alghauts
1519 1721 1558 1751 ad
1584 1726 1712 1761 gentem
1732 1721 1810 1751 't‘hai
1839 1721 2026 1760 pertinentis

234 1789 350 1827 fuisse,
378 1798 396 1817 e
424 1797 484 1826 qua
510 1792 626 1827 gentes
653 1785 772 1814 'l'soahl
802 1789 831 1813 et
861 1784 996 1812 Nahhan
1026 1786 1118 1812 natae
1146 1789 1257 1813 essent
1285 1784 1323 1812 ab
1354 1793 1391 1813 ea
1418 1793 1531 1813 nomen
1559 1784 1762 1822 accipientes.
1787 1783 1898 1822 (Gens
1927 1785 2025 1815 Tsoal

234 1857 371 1881 montem
401 1849 484 1889 Adja
513 1854 543 1878 et
572 1858 652 1889 gens
681 1847 816 1876 Nabhan
844 1850 980 1875 montem
1008 1846 1118 1875 Salma
1146 1845 1300 1874 incolebat
1330 1844 1433 1874 conf.
1462 1846 1554 1874 Ham.
1583 1848 1624 1874 lvv
1651 1847 1738 1886 sup.)

235 1959 263 1988 1.
287 1957 406 1988 Eheu!
426 1958 569 1986 It'ortlms
594 1958 749 1985 diversum
773 1956 888 1992 aqemli
909 1957 1061 1983 rationem
1087 1956 1248 1992 seqnitur:
1270 1953 1372 1983 eheu!
1389 1964 1444 1991 eyn
1467 1956 1535 1983 eius
1557 1955 1662 1984 dolum
1685 1965 1748 1984 mm
1769 1957 1931 1985 imitabor!

339 2039 500 2077 Queritur,
528 2039 609 2078 quod
637 2039 684 2067 vir
712 2037 814 2066 Korth
841 2037 1019 2075 appellatus
1048 2045 1065 2065 e
1094 2042 1191 2075 gente
1213 2038 1320 2067 Sinbis
1348 2037 1511 2066 diversum
1540 2047 1558 2067 a
1585 2043 1736 2068 consueta
1763 2038 1878 2079 agendi
1906 2040 2029 2070 ratione

237 2103 370 2144 moduni,
382 2107 547 2140 sequatur.
589 2101 696 2130 Verba
724 2098 775 2128 :illl
802 2098 871 2145 &iz
899 2104 971 2128 sunt
1000 2108 1055 2138 pro
1084 2097 1158 2127 Scit>
1187 2100 1273 2146 612,
1301 2111 1381 2140 quae
1409 2102 1583 2130 litterarum
1612 2102 1813 2142 permutatio,
1842 2106 1875 2131 ut
1903 2111 2030 2142 quoque

235 2166 264 2196 in
285 2165 384 2194 verbo
412 2164 475 2195 ,ld-5
504 2168 535 2193 et
567 2161 656 2201 ,ζα-ς’,
685 2161 721 2201 [gl
749 2166 780 2191 et
806 2167 889 2202 k5‘<>‚
917 2157 959 2190 kd
988 2165 1021 2190 et
1047 2158 1095 2212 gd
1123 2165 1292 2203 reperitur,
1323 2163 1460 2193 fortasse
1487 2162 1626 2192 dialecto
1654 2164 1780 2202 propria
1807 2168 1868 2192 est.
1921 2164 2030 2193 Verba

236 2227 376 2267 elliptice
405 2226 544 2256 adhibita
572 2230 643 2254 sunt
672 2224 786 2253 similia
813 2222 918 2262 modo,
946 2231 1006 2261 quo
1033 2222 1174 2270 Ojffls
1204 2223 1242 2252 tas
1272 2222 1343 2270 OQ&
1376 2225 1518 2264 »quidam
1546 2226 1635 2255 nohis
1661 2225 1767 2255 colore
1793 2226 1929 2256 imbutus
1955 2232 2027 2255 est«

236 2291 254 2320 i.
283 2300 310 2320 e.
337 2290 444 2320 colore
472 2289 562 2317 nobis
590 2288 714 2325 ingrato
742 2285 854 2315 dicunt.
886 2286 960 2315 Vox
989 2284 1012 2313 L·
1039 2293 1093 2317 aut
1122 2289 1288 2328 superflua
1319 2293 1381 2324 est,
1411 2293 1442 2317 ut
1472 2297 1593 2317 sensus
1620 2289 1677 2318 sit:
1705 2289 1776 2329 Ego
1797 2288 1907 2318 eodem
1927 2287 2030 2326 modo,

237 2362 295 2392 quo
324 2361 402 2392 erga
428 2362 477 2381 me
506 2352 591 2391 agit,
620 2359 697 2390 erga
726 2359 794 2378 eum
823 2355 957 2379 acturus
985 2360 1056 2380 sum
1086 2355 1138 2380 aut
1162 2350 1312 2390 negando
1340 2350 1496 2390 inservit,
1527 2354 1559 2378 ut
1587 2349 1691 2380 dicat:
1737 2351 1805 2391 Ego
1820 2359 1891 2379 vnon
1919 2348 2030 2379 eodem

235 2414 350 2453 modo;
378 2414 436 2443 sed
461 2414 590 2443 meliore
618 2422 697 2453 erga
724 2421 794 2441 eum
822 2415 950 2442 acturus
978 2423 1060 2442 sum.

255 2535 284 2561 1)
303 2536 431 2565 Tempore
450 2535 540 2559 lslami
560 2535 635 2564 vixit,
655 2541 713 2558 nam
734 2541 822 2559 versu
843 2538 941 2565 quarto
962 2533 1051 2557 nebim
1072 2537 1197 2563 tanquam
1217 2533 1326 2556 maioris
1344 2533 1384 2556 sul
1404 2533 1564 2557 mentionem
1579 2532 1652 2557 fecit.
