2247 2865
1015 133 1258 165 ...32-

251 243 383 269 vestrae
409 242 442 268 et
465 237 627 277 patrueles
653 237 757 265 vestri
785 239 818 265 et
845 239 956 265 contra
983 234 1109 264 Arabes
1135 233 1340 263 auxiliatores
1367 236 1447 263 suut.
1476 231 1581 271 (Dixit
1609 236 1734 262 autem:
1760 231 1815 262 filii
1832 232 1942 263 matris
1968 242 2031 262 ve—

253 307 352 340 strae,
378 301 524 340 quoniam
550 304 653 330 mater
680 298 785 340 gentis
813 297 936 327 Jarbuh
962 301 993 326 ct
1019 297 1126 326 Masin
1153 296 1181 325 b.
1210 296 1316 325 Maleo
1342 296 1372 325 b.
1399 296 1517 326 Ahmru
1544 300 1612 325 erat
1638 294 1826 334 Djandalah,
1854 294 1918 325 filia
1943 295 2031 325 Fihri

253 365 283 395 b.
319 365 425 394 Maleo
455 362 706 393 Koraischiticae
742 360 903 400 originis)
942 359 1012 388 Vos
1051 364 1157 388 autem
1185 367 1255 388 cum
1292 361 1388 397 gente
1415 358 1498 387 Beer
1525 358 1555 387 b.
1582 357 1692 396 VVajel
1721 356 1845 386 firmum
1872 357 2032 387 habitandi

253 427 355 458 locum
380 436 441 457 non
467 425 634 462 habebitis,
662 423 689 453 si
716 423 821 463 gentis
846 421 1072 451 Banu-Masen
1100 421 1211 450 domus
1239 420 1277 449 ab
1306 420 1345 449 iis
1375 424 1527 459 occupata
1555 420 1624 452 erit.
1652 419 1735 450 Cum
1761 429 1799 449 eo
1827 420 1924 460 igitur
1951 420 2033 449 omni

253 498 333 529 equo
361 488 476 519 difficili
503 490 535 516 et
557 483 708 524 domit01)
737 485 820 514 vecti
847 488 932 521 sunt,
958 482 1059 512 donee
1086 492 1156 512 cum
1185 483 1223 511 iis
1250 482 1289 512 ad
1316 487 1441 522 gentem
1467 482 1675 522 Banu—Rijah
1702 483 1913 522 pervenirent.
1942 482 2034 514 Gens

254 559 361 586 autem
387 550 591 590 Banu-Rijah
617 550 655 579 iis
682 548 867 588 conspectis
895 557 932 577 se
958 544 1110 575 adiunxit.
1152 543 1255 581 Quum
1295 544 1397 573 noctis
1435 547 1578 582 tempore
1617 544 1657 574 ad
1695 544 1879 589 depressam
1916 545 2034 575 vallem

255 617 358 647 noctis
385 615 487 654 spatio
515 623 534 643 a
560 618 645 643 terra
671 612 824 642 XVakaba
850 611 1038 650 distantem,
1066 607 1118 638 eui
1146 607 1389 636 Hawn-Habna
1414 615 1526 636 nomen
1554 611 1641 646 erat,
1670 608 1914 646 pervenissent,
1951 617 2034 648 gens

255 675 512 708 Banu-Jarbuh
537 674 631 707 dixit:
670 683 688 703 ο
715 677 798 715 gens
822 666 1088 703 Banu-Masen!
1128 671 1223 700 sinite
1250 679 1331 710 uos,
1369 674 1405 699 ut
1432 679 1488 708 pro
1513 669 1605 700 vobis
1634 675 1784 710 tanquam
1810 670 2033 710 speculatores

254 739 365 770 hostes
391 732 610 777 exploremus!
638 736 729 767 Gens
756 737 984 766 Banu-Masen
1011 734 1194 774 responditt
1221 737 1341 763 rectum
1368 731 1502 761 dixistis.
1551 732 1684 771 Septem
1709 733 1804 773 igitur
1831 743 1873 762 ex
1899 734 1938 762 iis
1963 733 2036 768 viri,

255 802 336 832 inter
361 809 440 841 quos
468 799 596 830 Sohaim
622 799 649 828 b.
679 798 814 836 XVatsiL
838 797 996 828 Alaliwaz
1023 799 1052 828 b.
1081 796 1303 837 Alibd-Allah,
1328 796 1420 825 ambo
1451 799 1584 834 poetae,
1612 795 1746 825 Kahuab
1771 796 1801 825 b.
1829 795 1948 826 Ahttab
1974 795 2036 826 Ri-

251 865 373 906 jahitae
400 868 432 894 et
459 861 659 893 Abu-Molail
687 861 927 901 cognominatus
953 860 1150 890 Almohallaf
1174 864 1274 900 erant,
1302 860 1423 888 omnino
1450 863 1574 898 septem
1601 867 1759 897 personae
1780 858 1933 888 abeuntes
1951 857 2036 897 apud

255 932 385 970 gentem
401 928 483 956 Beer
499 926 526 954 b.
543 924 644 963 Wajel
657 923 696 953 ad
713 933 824 962 aquam
841 927 1067 962 pervenerunt.
1095 922 1200 960 Quum
1215 922 1252 952 ad
1269 931 1380 960 aquam
1397 921 1618 958 advenissent,
1644 924 1821 958 narrarunt,
1850 928 1885 950 se
1902 929 2032 961 servos,

254 991 307 1031 qui
332 990 409 1030 fuga
436 999 472 1018 se
499 987 576 1027 ipsis
603 986 845 1024 subduxissent,
874 994 1036 1024 quaerere.
1066 985 1214 1024 Hospitio
1238 984 1335 1024 igitur
1358 993 1415 1012 eos
1440 987 1646 1023 exceperunt,
1676 982 1736 1013 sed
1753 992 1893 1022 vespera
1919 992 2038 1022 appro-

256 1052 424 1092 pinquante
439 1049 651 1088 suspicionem
667 1046 882 1086 concipientes
901 1047 929 1076 in
944 1056 999 1076 eos
1013 1048 1171 1078 irruerunt
1186 1050 1216 1077 et
1232 1056 1341 1076 omnes
1357 1047 1438 1085 pilos
1463 1046 1649 1076 evulserunt
1671 1055 1712 1075 ne
1738 1055 1833 1075 unum
1854 1044 1980 1085 quidem
2008 1045 2039 1074 in

256 1113 361 1144 barbis
377 1122 484 1142 eorum
505 1110 732 1149 relinquentes.
751 1109 908 1138 Dixerunt
923 1115 1029 1139 autem
1046 1110 1189 1140 homines
1204 1110 1311 1150 gentis
1327 1110 1466 1142 Jarbuh:
1483 1110 1636 1154 No'sscibo
1651 1114 1764 1139 vestro
1787 1110 1909 1140 defensi
1925 1119 2038 1140 sumus

257 1176 352 1207 ethic
366 1179 478 1205 vester
492 1174 581 1204 cibus
597 1172 761 1212 hospitalis
776 1172 805 1201 iu
817 1173 984 1202 ventribus
999 1173 1116 1202 nostris
1135 1176 1166 1202 et
1184 1172 1412 1211 hippoperisss).
1441 1172 1521 1202 Tum
1538 1172 1660 1201 illorum
1676 1172 1906 1211 protectionem
1924 1173 2041 1212 implo-

257 1244 363 1270 rantes
379 1239 477 1268 libere
494 1237 614 1267 dimissi
641 1241 725 1266 sunt.
751 1236 906 1266 Homines
923 1239 1028 1264 autem
1043 1244 1159 1264 versus
1176 1234 1288 1264 Cufam
1305 1234 1362 1264 iter
1377 1234 1563 1263 direxerunt
1578 1233 1796 1271 ostendentes,
1819 1242 1857 1263 se
1875 1243 2041 1264 servorum

256 1300 395 1342 vestigia
407 1300 509 1340 sequi,
529 1298 599 1339 sed,
621 1307 717 1338 quum
733 1299 992 1336 vesperasceret,
1008 1295 1047 1325 ad
1062 1297 1167 1326 socios
1182 1305 1259 1326 suos
1274 1295 1408 1324 rediere.
1436 1295 1479 1324 lbi
1493 1295 1540 1324 sic
1556 1293 1652 1323 locuti
1666 1297 1753 1323 sunt:
1775 1293 1802 1323 Ο
1814 1303 1896 1334 gens
1905 1289 2037 1324 Masen!

256 1367 370 1405 Neque
385 1365 474 1395 nobis
491 1373 595 1403 neque
610 1362 716 1401 vobis,
734 1370 791 1400 per
806 1360 922 1400 Deum,
939 1368 995 1388 eos
1011 1357 1157 1388 vincendi
1174 1360 1368 1396 potestatem
1384 1364 1459 1386 esse
1475 1355 1664 1384 invenimus.
1684 1353 1774 1385 Gens
1791 1364 1960 1386 numerosa
1976 1360 2037 1386 est.

257 1429 337 1459 Tum
352 1437 431 1469 gens
447 1427 527 1456 inter
542 1435 579 1455 se
595 1435 612 1454 a
627 1424 758 1454 consilio
774 1422 912 1452 recessit
924 1417 1065 1465 (jsjss).
1093 1419 1167 1448 Vox
1181 1423 1193 1446 ὅ
1210 1417 1266 1462 ίλί
1281 1418 1547 1459 significationem
1571 1428 1611 1448 »a
1624 1427 1657 1447 re
1671 1417 1820 1456 repulsus
1835 1417 1916 1447 fuit«
1934 1417 2040 1449 habet.

257 1492 324 1523 Sed
351 1491 457 1532 gentis
487 1487 720 1519 Banu-Jarbuh
749 1486 920 1527 gentisque
948 1476 1212 1513 Banu-1⁷Ahnbar
1240 1480 1281 1510 ibi
1309 1484 1498 1519 praesentes
1525 1479 1669 1509 homines
1693 1472 1860 1510 dixerunt:¹
1887 1481 2041 1520 Impetum

258 1557 288 1585 in
312 1563 417 1584 eorum
445 1553 583 1582 camelos
611 1549 723 1583 facite!
752 1550 818 1579 Eos
838 1547 1013 1587 capiemus,
1041 1548 1076 1574 ut
1102 1543 1170 1572 loco
1199 1542 1278 1580 eius,
1307 1541 1389 1580 quod
1416 1541 1505 1570 nobis
1533 1541 1604 1571 mali
1624 1542 1744 1571 illatum
1763 1547 1826 1583 est,
1852 1545 2041 1574 inserviant.

259 1616 326 1647 Sed
354 1615 506 1646 Bisehrus
534 1615 561 1644 b.
590 1615 680 1643 Hasn
707 1611 856 1642 adsiliens
884 1609 979 1639 dixit:
1009 1606 1060 1637 Ad
1087 1614 1146 1640 me,
1176 1613 1194 1632 o
1221 1603 1415 1640 Masenitae,
1443 1598 1602 1633 accedite!
1630 1603 1682 1632 Ne
1701 1604 1780 1633 alius
1799 1606 1867 1642 quis
1893 1603 2040 1635 accedat!

260 1678 350 1716 Quos
377 1677 416 1707 ad
444 1678 544 1716 ipsum
574 1674 769 1705 accedentes
805 1682 899 1711 quum
927 1669 1152 1710 produxisset,
1181 1669 1228 1696 sie
1254 1665 1410 1695 allocutus
1439 1669 1505 1695 est:
1545 1665 1572 1695 O
1598 1675 1681 1706 gens
1710 1661 1953 1696 Banu-Masenl
1981 1668 2042 1697 Per

259 1741 362 1770 Deum
390 1749 450 1769 vos
479 1733 630 1768 obsecro!
660 1747 732 1766 num
759 1745 818 1765 vos
849 1740 972 1775 gratum
1002 1730 1170 1770 habebitis.
1198 1729 1280 1768 ‘quod
1309 1739 1390 1769 gens
1417 1729 1538 1758 Jarbuh
1566 1734 1598 1758 et
1623 1739 1705 1769 gens
1733 1730 1894 1759 Alahnbar
1922 1731 2041 1770 inipetu

260 1801 344 1831 sacto
371 1801 508 1830 camelos
537 1800 699 1838 diripiant3
727 1807 788 1826 vos
816 1802 921 1826 autem
949 1795 1039 1824 domo
1066 1798 1179 1823 vestra
1208 1792 1323 1831 privati
1349 1789 1447 1822 silis?
1476 1792 1631 1822 Dixerunt
1652 1795 1768 1833 igitur:
1797 1792 1880 1830 Quid
1907 1794 1961 1823 tibi
1989 1794 2041 1823 vi-

261 1860 379 1892 detur?
409 1861 605 1900 Respondit:
637 1860 777 1898 Censeo,
806 1869 823 1888 a
853 1857 946 1887 vobis
974 1856 1115 1886 homines
1145 1855 1242 1884 occidi
1272 1854 1446 1895 deberess)3
1474 1864 1544 1884 cuni
1565 1854 1710 1883 hostibus
1728 1857 1826 1894 igitur
1844 1855 2044 1888 dimidicate!

262 1925 288 1954 si
315 1926 454 1965 vincitis7
483 1925 569 1953 Deus
598 1922 763 1952 victoriam
790 1921 883 1949 vobis
911 1918 1015 1955 dedit,
1053 1919 1102 1947 sin
1132 1917 1243 1957 aliter,
1282 1917 1312 1945 in
1339 1916 1481 1945 domibus
1511 1917 1625 1945 veslris
1651 1916 1877 1955 defendendis,
1904 1918 1934 1948 id
1961 1919 2043 1958 quod

263 1989 459 2018 excusationi
486 1989 578 2017 vobis
605 1987 675 2023 erit,
704 1986 803 2016 fortes
834 1993 894 2012 vos
923 1980 1137 2012 ostenderitis.
1178 1979 1256 2008 Eius
1284 1978 1469 2007 sententiam
1497 1978 1600 2006 secuti
1626 1978 1664 2007 ad
1692 1987 1768 2018 θος,
1806 1979 1857 2017 qui
1885 1980 1924 2009 ibi
1951 1986 2042 2010 erant

263 2060 282 2080 e
308 2055 405 2090 gente
432 2049 665 2079 Banu-Jarbuh
693 2053 726 2078 et
751 2047 934 2086 Alahnbar,
971 2054 1008 2074 se
1035 2045 1264 2073 converterunt
1300 2041 1459 2070 dicentes:
1502 2041 1590 2070 Deus
1622 2050 1681 2071 vos
1716 2047 1952 2080 remuneretur,
1989 2043 2041 2082 qui

264 2118 327 2144 tam
369 2114 439 2142 boni
477 2113 589 2142 fratres
631 2107 717 2142 sitis!
759 2111 794 2140 Si
835 2119 893 2139 nos
928 2118 947 2138 a
979 2107 1073 2136 vobis
1110 2104 1149 2134 ad
1188 2105 1338 2133 auxilium
1378 2104 1484 2133 vocati
1523 2113 1689 2144 essemus,
1724 2105 1816 2134 vobis
1855 2105 2040 2144 obsequium

264 2179 519 2215 praestarenius3
546 2176 603 2205 sed
633 2185 651 2204 a
679 2175 768 2204 nobis
797 2183 858 2203 vos
886 2171 1033 2202 advocati
1061 2169 1149 2199 estis.
1189 2169 1260 2197 Nos
1291 2167 1389 2207 igitur
1426 2167 1563 2197 hostium
1599 2167 1716 2206 iugulis
1752 2166 1919 2207 (anteriori
1943 2167 2041 2206 parti)

264 2237 403 2277 obiicite,
434 2237 506 2266 dum
530 2248 590 2266 vos
619 2248 700 2277 pone
725 2247 783 2266 nos
810 2245 974 2266 numerum
1002 2238 1143 2263 nostrum
1170 2231 1307 2272 augetis.
1336 2229 1372 2259 Si
1398 2238 1455 2258 nos
1477 2228 1628 2269 sugimus,
1658 2239 1716 2258 vos
1744 2232 1897 2269 postremi
1919 2229 2043 2258 defensi

265 2300 341 2329 estis
369 2304 402 2328 et
428 2298 541 2334 abitis3
569 2300 617 2328 sin
644 2309 721 2328 vcro
749 2309 807 2328 nos
833 2300 1009 2340 vincimus,
1037 2302 1149 2327 vestro
1178 2295 1336 2326 desiderio
1363 2293 1566 2324 satisfactum
1595 2295 1663 2323 erit.
1705 2295 1768 2324 Iam
1796 2299 1889 2324 antea
1914 2293 1966 2332 iiS,
1995 2293 2042 2331 (si

264 2362 363 2391 locum
391 2364 601 2401 occuparent)
639 2364 761 2393 tertiam
798 2372 899 2401 aquae
935 2366 1057 2401 partem
1094 2361 1151 2399 (ea
1187 2359 1365 2388 conditione
1401 2361 1434 2387 ut
1460 2356 1610 2386 auxilium
1638 2357 1774 2398 ferrent)
1800 2361 2039 2387 concesserant.

283 2453 310 2483 1)
331 2454 418 2476 verim
437 2446 524 2489 §5233
544 2461 634 2487 „fauo
652 2449 698 2486 &5
711 2452 762 2488 „kt
781 2456 940 2486 significant.
961 2455 1088 2478 nemiuem
1109 2453 1324 2477 reti-omansisse.

281 2512 311 2541 2)
331 2511 405 2543 Quod
425 2513 445 2535 si
467 2520 518 2535 vox
538 2512 639 2537 mii>
659 2513 815 2543 liippoperne
835 2514 1055 2544 sIgnifiezninnem
1074 2513 1122 2535 lioe
1142 2512 1167 2534 in
1193 2511 1254 2533 loco
1275 2510 1366 2536 habet,
1395 2511 1424 2532 ut
1450 2509 1481 2532 de
1504 2507 1711 2539 hypoenondriis
1733 2506 1908 2536 intelligenda
1927 2512 1979 2529 non
1999 2505 2043 2533 sit,

331 2567 478 2595 hospitibus
499 2567 658 2596 profecturis
678 2571 852 2591 counneatuin
872 2567 974 2590 itineris
993 2567 1082 2589 datum
1101 2573 1169 2595 esse,
1189 2565 1332 2594 putandum
1352 2568 1399 2587 est.

282 2620 310 2651 3)
331 2620 378 2644 Hic
397 2622 426 2643 de
445 2623 551 2650 Satcyus
564 2616 632 2662 )l.·:;l
661 2612 762 2657 bks
779 2629 831 2662 On
855 2622 970 2644 furuisse
990 2621 1128 2652 legendum
1149 2623 1238 2650 putat3
1257 2620 1302 2643 sed
1321 2620 1403 2643 codex
1424 2624 1518 2642 vocem
1537 2616 1611 2647 typis
1629 2614 1788 2644 descriptam
1808 2613 1896 2638 offert.
