2247 2865
957 91 1222 121 —625—

189 194 243 224 13.
273 193 444 232 Profecto!
464 195 494 222 ei
513 192 627 222 similis
649 201 766 228 essem,
793 192 848 229 qui
867 191 907 225 id,
932 190 1015 229 quod
1034 192 1104 218 uter
1128 190 1277 222 continet,
1301 190 1430 224 propter
1454 197 1596 224 vaporem
1619 197 1714 224 super
1737 189 1814 218 colle
1835 192 1923 220 arido
1944 202 1978 221 se

918 247 1085 272 »nocentem
1109 242 1246 279 effundit,

290 319 388 358 Spem
402 327 516 347 vanum
532 316 668 346 futuram
685 314 845 353 exprimit,
873 318 906 343 ut
932 313 982 352 qui
1011 322 1086 352 rem,
1114 321 1206 350 quum
1229 311 1335 352 habet,
1366 317 1481 342 utrem
1502 312 1653 342 incertam
1681 314 1831 356 obtineat,
1859 317 1975 350 abiicit,

189 381 298 411 Talem
326 385 430 409 autem
458 388 529 408 cum
556 379 625 407 viro
653 381 830 415 comparat,
859 376 909 414 qui
937 384 1059 414 vapore
1087 375 1278 415 meridiano,
1306 376 1358 415 qui
1385 376 1524 414 speciem
1552 385 1653 414 aquae
1680 376 1794 418 liubet,
1822 379 1978 420 deceptus

190 451 322 482 aquam,
361 450 454 480 quum
482 441 511 470 iu
538 444 608 469 utre
636 446 742 467 secum
777 441 904 476 portat,
941 437 970 466 in
998 438 1124 468 deserto
1152 438 1294 471 ess'undit.
1346 438 1433 468 'ratis
1469 438 1509 467 nil
1545 439 1738 478 assequitur.
1791 441 1900 480 vapor
1928 443 1978 473 5110

191 503 407 535 meridianus,
441 502 492 541 qui
520 505 663 539 tempore
690 499 801 528 summi
828 503 939 528 aestus
968 499 997 528 in
1024 500 1162 530 desertis
1192 506 1346 540 apparet,
1382 503 1525 538 tunquam
1563 510 1615 529 res
1652 500 1765 531 nullius
1803 503 1894 541 pretii
1921 503 1979 533 dc-

191 566 340 595 scribitur
379 564 484 595 conf.
514 563 612 593 Mcid.
642 563 707 600 24,
735 562 816 592 357.
845 567 877 592 ct
906 572 977 600 τος,
1017 571 1098 600 quae
1132 561 1288 592 hominem
1322 561 1440 600 decipit
1479 562 1586 591 cons.
1615 563 1711 592 Meid.
1741 562 1808 601 ²3,
1835 564 1891 593 41.
1921 565 1980 605 22,

200 628 278 659 139.
308 628 390 658 212.
421 626 502 657 213.
532 632 563 656 et
591 627 627 655 Τ.
658 626 709 654 111.
741 625 775 654 P.
796 625 819 654 1.
849 634 877 664 p.
903 625 980 654 1⁸29.
1009 624 1111 655 cons.
1139 623 1236 654 Meid.
1268 623 1322 663 13,
1350 624 1408 653 96.
1461 624 1589 653 Stultus
1617 630 1721 655 autem
1750 630 1822 667 est,
1850 627 1901 667 qui
1930 627 1981 658 tali

193 699 253 729 spe
280 689 406 719 fallitur.
459 689 501 719 Ut
529 694 634 719 autem
662 689 886 719 stultissimum
917 698 954 718 se
981 688 1118 718 futurum
1135 695 1209 716 esse
1228 685 1355 723 indicet,
1383 685 1410 715 si
1438 687 1479 715 ita
1506 691 1594 727 agat,
1623 696 1659 716 sc
1687 697 1758 718 cum
1786 698 1824 718 eo
1844 690 1979 731 confert,

193 751 247 790 qui
276 760 402 791 aquam,
431 760 523 790 quam
550 761 658 781 secum
686 751 792 792 habet,
821 752 875 781 tali
902 761 959 791 spe
984 752 1142 790 deceptus
1170 749 1299 779 effundit
1327 753 1371 788 et,
1400 753 1434 778 ut
1451 749 1575 778 omnino
1595 748 1780 780 frustratum
1807 760 1876 782 eum
1893 752 1980 783 sutu-

195 823 262 844 rum
291 813 427 854 indicet,
466 813 549 844 hunc
581 823 732 853 vaporem
761 816 792 843 in
819 813 899 843 colle
927 813 1024 851 duro,
1063 813 1148 843 arido
1183 821 1259 842 esse
1293 811 1386 851 dicit,
1422 811 1451 840 in
1478 821 1537 850 quo
1563 821 1646 851 aqua
1672 822 1748 843 esse
1776 824 1836 843 non
1865 819 1979 854 potest.

195 874 399 905 Sclioliastes
427 874 602 915 adnotavit,
629 875 739 913 verba,
767 876 793 904 si
819 872 914 908 &AE
942 875 1087 916 legatur,
1115 875 1364 914 propositionem
1393 873 1543 913 efficere,
1571 884 1653 914 quae
1681 876 1897 908 iusiurandum
1924 888 1981 908 se-

197 943 330 977 quatur,
371 940 419 968 sin
448 944 554 968 autem
581 935 677 971 422⁴ss
704 939 852 979 legatur,
891 939 973 968 illam
1008 937 1255 976 propositionem
1283 938 1435 965 omissam
1464 944 1549 965 esse.
1603 937 1655 974 (ln
1681 938 1816 967 Tebrisii
1844 939 1982 979 margine

197 997 292 1032 ..κοῦ
321 1006 466 1041 tanquam
486 1006 593 1031 rectus
612 1001 737 1042 legendi
758 1001 871 1030 modus
887 1001 1066 1040 adscriptus
1094 1004 1156 1038 est,
1185 998 1297 1028 litteris
1325 1009 1387 1048 ἐκ»
1413 998 1488 1037 (pro
1516 1000 1626 1048 {sp-3²)
1652 999 1796 1039 additis.)
1825 1001 1858 1030 Iu
1876 1002 1982 1032 verbis

199 1068 315 1102 poetae
331 1064 455 1092 nonnisi
471 1073 590 1093 sensus
608 1064 761 1093 rationem
783 1072 871 1103 esse,
891 1064 943 1103 qui
960 1063 1066 1092 clarus
1081 1061 1144 1099 sit3
1162 1061 1223 1090 etsi
1240 1069 1340 1090 voces
1356 1061 1456 1099 ipsum
1473 1062 1703 1092 constituentes
1721 1062 1878 1095 deficiant.
1907 1065 1985 1095 Mihi

199 1130 317 1162 autem,
343 1128 372 1155 si
398 1122 497 1158 mk
525 1126 658 1166 legitur,
686 1126 794 1156 verbis
825 1126 1000 1165 propositio
1028 1124 1236 1154 conditionem
1265 1123 1436 1153 verborum
1462 1135 1538 1169 w)
1565 1123 1603 1169 Ol
1631 1134 1768 1164 sequens
1797 1127 1985 1158 continetur,

202 1186 253 1216 Fit
282 1187 458 1227 interdum,
486 1191 520 1216 ut
547 1187 658 1217 eadem
689 1187 816 1226 phrasis
843 1187 968 1226 utrique
994 1186 1103 1216 sensui
1130 1186 1285 1216 inserviat
1312 1186 1434 1224 (conf.
1467 1186 1573 1217 Gram.
1603 1188 1659 1217 Ar.
1689 1188 1726 1217 T.
1753 1189 1790 1218 11.
1817 1199 1846 1228 p.
1875 1190 1985 1229 612).

201 1248 288 1278 Ante
323 1258 436 1278 vocem
464 1243 557 1288 &All
585 1258 652 1278 vox
686 1246 743 1278 sm
771 1249 889 1288 (aqua)
923 1248 1100 1288 supplenda
1131 1253 1192 1278 est.
1244 1249 1353 1278 Verba
1378 1245 1419 1283 335
1446 1248 1533 1295 &ld-3)
1561 1255 1635 1280 sunt
1664 1261 1719 1290 pro
1746 1251 1833 1297 325)
1860 1250 1900 1287 335
1928 1253 1987 1283 ad-

203 1310 320 1340 iectivo
347 1309 440 1339 modo
469 1313 632 1348 poetarum
661 1311 852 1349 anteposito.
904 1310 1078 1349 Djeuhario
1114 1314 1219 1339 autem
1252 1315 1398 1339 monente
1434 1320 1499 1340 vox
1530 1308 1571 1344 dil
1598 1312 1682 1342 illum
1710 1323 1862 1352 vaporem
1892 1315 1988 1345 meri-

203 1372 352 1412 dianum,
379 1375 430 1411 qui
458 1382 561 1412 aquae
588 1373 728 1412 speciem
755 1373 872 1412 habet,
899 1381 960 1401 non
986 1370 1168 1411 signiticat3
1203 1370 1262 1400 sed
1290 1380 1458 1410 vaporem,
1494 1373 1547 1411 qui
1573 1378 1716 1412 tempore
1743 1377 1928 1414 vespertino
1956 1380 1989 1406 et

205 1435 359 1464 matutino
392 1443 546 1473 personas
574 1434 725 1468 adtollat,
762 1439 795 1463 ut
830 1438 925 1473 poeta
952 1432 1035 1462 haud
1062 1437 1208 1462 accurate
1236 1433 1360 1462 locutus
1388 1434 1441 1463 sit.
1493 1434 1534 1464 Ut
1561 1440 1670 1465 noster
1697 1446 1811 1467 vocem
1838 1438 1988 1479 adhibuit,

203 1498 250 1526 sic
275 1505 399 1535 quoque
426 1496 572 1525 llaririus
603 1506 633 1534 p,
661 1494 721 1525 ¹⁸⁸1&
776 1494 1085 1524 Ebu-Kotaibahus
1122 1494 1152 1524 in
1189 1495 1265 1524 libro
1299 1496 1449 1535 inscripto
1476 1494 1592 1536 ⁴³³3&ss
1619 1498 1683 1536 ῳὸῖ
1711 1499 1809 1541 dixit,
1846 1501 1990 1532 homines

205 1558 370 1596 utriusque
406 1561 498 1588 vocis
526 1558 786 1598 significationem
814 1557 870 1586 vix
897 1556 1105 1597 distinguere.
1158 1557 1214 1586 Ille
1247 1562 1354 1587 autem
1390 1568 1491 1598 vapor
1521 1560 1712 1592 meridianus
1740 1564 1878 1594 maxime
1905 1564 1990 1610 &⁸1⁴⁸

204 1625 237 1649 et
265 1617 335 1667 &Aa
360 1620 545 1658 appellatur.

204 1716 258 1746 14.
287 1716 409 1746 St'mile's
433 1717 558 1744 mulieri
587 1717 727 1754 infantes
750 1716 833 1745 alius·
853 1713 1039 1755 (nundinis)
1062 1715 1213 1753 lactanti,
1243 1718 1318 1745 dum
1342 1728 1418 1746 suos
1441 1719 1553 1748 liberos
1572 1722 1685 1757 perdit.
1729 1722 1818 1751 Haec
1840 1723 1993 1753 aberratio

961 1782 980 1800 a
1004 1774 1053 1800 via
1075 1774 1162 1799 recta
1185 1770 1254 1800 est!

309 1840 380 1870 Alia
394 1841 630 1879 comparatione
645 1840 786 1870 instituta
805 1841 938 1871 eandem
954 1851 1017 1870 rem
1035 1843 1127 1879 poeta
1143 1839 1292 1878 explicat.
1322 1840 1366 1869 Se
1384 1840 1476 1870 istam
1492 1850 1556 1871 rem
1576 1841 1733 1874 facturum
1754 1854 1823 1874 cum
1852 1846 1992 1887 muliere,

208 1911 291 1940 quae
321 1901 427 1930 liberis
454 1903 521 1931 suis
548 1902 707 1942 neglectis
736 1902 815 1931 alios
844 1903 951 1940 lactet,
978 1901 1220 1940 comparandum
1248 1912 1333 1931 esse.
1366 1902 1570 1933 scholiastae
1591 1905 1714 1934 omnino
1742 1906 1914 1946 adsentior,
1942 1911 1994 1947 qui

210 1963 358 1992 feminam
392 1963 444 1991 tali
472 1962 564 1992 modo
593 1968 741 2002 agentem
776 1964 952 2004 significari
981 1967 1080 2003 putat.
1132 1963 1255 1993 Similia
1289 1968 1364 1993 sunt
1392 1964 1495 1994 verba
1530 1970 1644 2004 poetae
1678 1969 1845 2006 sequentia
1883 1967 1993 2010 (metr.

209 2020 371 2066 'l'hawilet
407 2023 573 2053 Similis
601 2024 770 2053 mulieri
799 2025 980 2055 lactanti
1007 2025 1166 2054 liberos
1195 2026 1302 2054 alius
1331 2026 1579 2068 (feminae),
1608 2029 1698 2060 dum
1725 2040 1829 2061 suos
1856 2033 1995 2072 perdi-

210 2085 278 2114 dit.
331 2085 444 2114 Haec
476 2095 526 2114 ne
560 2094 734 2124 pannum
760 2087 921 2125 quidem
956 2087 1148 2117 resarcit
1176 2087 1212 2125 (i.
1244 2098 1271 2116 e.
1300 2088 1414 2118 nullam
1441 2090 1609 2120 utilitatem
1636 2102 1678 2121 cx
1705 2102 1743 2121 eo
1769 2094 1879 2132 capit).
1931 2094 1993 2124 Alii

211 2147 241 2175 in
268 2145 558 2176 struthiocaniclum
587 2146 732 2176 feminam
760 2147 859 2176 verba
885 2148 996 2177 referri
1024 2158 1123 2187 posse
1149 2155 1280 2189 putant,
1319 2158 1410 2187 quum
1438 2152 1498 2180 ista
1526 2152 1596 2181 avis
1624 2154 1662 2182 ob
1690 2154 1905 2192 stupiditatem
1932 2164 1995 2186 ova

211 2218 270 2238 sua
299 2208 477 2246 relinquens
503 2207 574 2237 aliis
600 2209 739 2239 incubet.
791 2210 1053 2239 struthiocameli
1087 2209 1256 2248 stupiditas
1293 2209 1373 2240 hanc
1405 2212 1444 2241 ob
1478 2222 1608 2242 causam
1637 2214 1665 2242 in
1689 2216 1887 2253 proverbium
1911 2219 1996 2247 venit

212 2268 318 2299 cons.
345 2268 440 2298 Meid.
463 2268 496 2305 6,
521 2268 598 2297 182.
626 2269 684 2309 24,
702 2271 783 2300 418.
811 2271 943 2309 eiusque
971 2280 1064 2299 ovum
1091 2271 1156 2299 vile
1175 2280 1251 2300 esse
1270 2272 1366 2301 Meid.
1384 2274 1416 2313 9,
1437 2274 1494 2303 61.
1523 2278 1552 2304 et
1581 2277 1733 2314 corrumpi
1754 2276 1848 2306 Meid.
1867 2278 1922 2317 15,
1938 2278 1994 2308 60.

215 2330 337 2360 dicitur.
392 2330 490 2358 Poeta
518 2329 766 2361 Ebu-Harmah
793 2333 1034 2372 cognominatus
1063 2333 1155 2362 dixit:
1189 2334 1296 2371 (metr.
1328 2335 1537 2375 Motakareb)
1573 2337 1660 2378 Ego
1688 2337 1778 2367 dum
1807 2339 1995 2370 liberali-

216 2398 336 2422 tatem
372 2401 674 2432 geuerosorum
710 2394 911 2433 relinquo
939 2400 979 2424 et
1007 2405 1124 2425 manu
1154 2405 1238 2425 mea
1274 2396 1536 2437 ignitabulum
1569 2400 1687 2428 avari
1714 2402 1922 2439 percutio,
1956 2400 1995 2431 ei

214 2454 374 2484 similis
400 2463 510 2493 sum,
546 2462 651 2492 quae
678 2463 757 2485 ova
778 2458 920 2486 suain
951 2466 1091 2497 campo
1130 2458 1364 2499 relinquens
1395 2459 1506 2489 alius
1535 2469 1615 2490 ova
1650 2461 1728 2491 alis
1758 2463 1845 2493 suis
1874 2465 1993 2506 tegit.

216 2515 385 2545 Postrema
413 2524 529 2545 versus
553 2524 628 2554 pars
654 2510 717 2544 535
744 2520 803 2546 etc.
829 2517 922 2547 modo
950 2517 1053 2548 0&le
1081 2519 1184 2562 dicto,
1220 2523 1310 2551 cuius
1345 2519 1438 2559 paulo
1473 2525 1546 2550 aute
1572 2522 1762 2553 mentionem
1798 2523 1878 2565 feci,
1917 2535 1993 2565 pro-

219 2575 285 2606 lata
310 2581 369 2607 est.

1745 2636 1791 2666 79
