2247 2865
970 90 1242 121 —446—

218 191 325 221 dicere
350 188 496 218 voluisse
520 187 662 227 videtur,
697 198 773 227 eos,
812 188 864 228 qui
891 188 1000 229 sugam
1027 190 1169 228 capiant,
1209 200 1248 220 eo
1275 190 1358 230 quod
1384 201 1403 222 a
1429 191 1523 222 sociis
1548 190 1614 222 suis
1640 194 1781 231 separati
1807 193 1889 235 sint,
1917 204 2004 225 arma

217 251 378 291 amisisse,
406 250 519 290 quibus
546 259 584 279 se
611 249 830 280 defenderent.
883 250 996 280 Virum
1023 252 1149 282 nonnisi
1175 262 1232 293 per
1258 254 1452 293 propinquos
1479 258 1642 294 potentem
1669 264 1758 297 esse,
1783 256 1815 285 iu
1834 257 2003 295 proverbio

219 314 358 355 legimus
381 312 502 343 Meid.
532 312 589 352 23,
618 313 676 342 81.

217 410 271 439 u.
293 409 451 446 Quomodo
473 411 535 438 vita
548 405 658 447 [nohis
671 419 740 437 esse
753 407 875 449 polest)
888 419 983 448 quum
1000 413 1031 439 et
1046 413 1227 447 superiores
1243 414 1274 440 el
1283 413 1450 441 inleriores
1461 412 1554 441 vallis
1563 416 1673 450 parles
1685 414 1773 442 nobis
1786 423 1905 442 vacuae
1919 416 2005 442 sunt.

313 478 513 509 Moriendum
542 479 648 517 potius
678 488 766 515 esse,
796 487 886 516 quam
915 483 948 509 ut
977 480 1108 518 patriam
1135 481 1322 520 relinquant.
1376 482 1485 511 Vitam
1511 491 1530 511 a
1557 482 1660 521 patria
1687 484 1845 522 separatis
1873 492 1907 512 re
1926 493 2007 513 vera

217 542 317 571 vitam
344 550 405 570 non
432 550 518 570 esse.
571 540 614 570 Ut
640 543 772 580 patriam
802 546 900 572 totam
926 543 1087 584 designet,
1115 544 1244 573 vallium
1269 546 1455 583 superiores
1483 543 1710 583 inferioresque
1737 549 1845 583 partes
1866 545 2005 584 opponit.

217 603 363 632 Formam
390 602 521 641 pluralis
550 599 628 654 3an
658 612 676 632 a
702 604 856 643 singulari
873 601 956 655 {xla-,al
974 603 1131 644 etat-<Q
1159 606 1363 636 derivandam
1383 616 1485 636 raram
1506 616 1594 648 esse,
1621 607 1816 637 scholiastes
1830 608 2004 638 adnotavit.

215 711 268 741 15.
295 711 358 741 Ubi
377 714 455 739 sunt
473 714 617 748 potentes
639 715 670 740 el
691 712 856 741 hastarum
882 715 1029 751 cuspides
1050 717 1082 743 in
1106 716 1165 744 hoc
1188 719 1220 744 et
1240 716 1438 745 liberalitas?

315 781 416 810 Hisce
442 780 552 809 verbis
582 790 632 817 ea,
660 790 741 820 quae
769 782 797 810 in
822 783 927 822 priore
955 793 1052 814 versu
1081 784 1215 826 dixerat,
1244 785 1432 815 confirmare
1459 784 1593 815 videtur.
1647 785 1750 814 Domo
1778 787 2006 827 emigrantibus

222 846 292 886 psis
321 845 352 874 in
378 849 464 874 terra
491 845 672 885 peregrina,
702 846 815 884 quippe
843 856 861 875 a
888 848 1037 887 cognatis
1065 848 1202 886 separati
1230 850 1312 887 sint,
1350 857 1452 886 neque
1481 848 1652 886 potentiam
1679 847 1816 878 futuram
1844 858 1930 890 esse,
1974 856 2009 880 ut

217 908 382 938 hastarum
410 907 559 945 cuspides
588 912 698 936 conta
725 906 835 936 hostes
864 908 1013 938 adbibere
1042 918 1103 938 non
1134 909 1271 948 possint,
1300 919 1400 947 neque
1417 910 1596 939 liberalitati
1624 909 1728 939 locum
1755 909 1892 940 futurum
1921 921 2009 953 esse,

216 979 313 1010 quum
344 970 383 998 ab
420 969 580 1009 hostibus,
617 973 726 998 contra
764 979 843 1008 quos
882 980 919 999 se
947 971 1026 1000 tueri
1058 980 1127 999 non
1147 971 1297 1012 valeant,
1341 972 1453 1010 opibus
1493 973 1705 1011 privarentur.
1757 973 1868 1003 Talem
1902 979 2009 1004 autem

216 1035 336 1071 vitam,
367 1033 397 1062 in
425 1042 487 1072 qua
515 1042 618 1071 neque
647 1033 790 1071 potentia
818 1043 922 1073 neque
951 1034 1125 1063 liberalitas
1153 1035 1218 1072 sit,
1255 1044 1310 1073 pro
1339 1035 1422 1064 nulla
1449 1034 1621 1064 habendam
1649 1043 1736 1064 esse.
1787 1035 1887 1065 Hisce
1913 1036 2011 1077 igitur

218 1097 328 1127 verbis
357 1101 487 1138 gentem
516 1095 671 1134 hortatur,
699 1105 736 1124 ne
765 1096 868 1134 patriai
896 1096 1012 1125 bellum
1042 1096 1169 1136 fugiens
1197 1096 1343 1126 decedat.
2011 1091 2013 1093 V

318 1158 589 1197 Abu-Rijaschus
617 1157 655 1186 ad
686 1167 802 1187 versus
831 1158 1039 1196 explicandos
1066 1158 1234 1196 sequeutia
1262 1158 1384 1188 adtulit.
1414 1157 1553 1188 Sahdum
1572 1159 1661 1188 hisce
1681 1159 1787 1189 verbis
1809 1159 2006 1191 Alharitsum

217 1222 247 1252 b.
276 1221 390 1251 Ohbad
415 1221 445 1250 b.
474 1219 640 1250 Dhobaiali
670 1221 698 1249 b.
728 1219 806 1249 Kais
834 1220 862 1249 b.
888 1220 1071 1249 'l'sahlebah
1092 1221 1292 1261 respexisse,
1321 1221 1373 1260 qui
1394 1221 1501 1261 gentis
1521 1220 1644 1250 Rabiah
1665 1221 1779 1251 arbiter
1792 1222 1818 1260 ¹)
1847 1227 1880 1251 et
1908 1232 2008 1261 eques

219 1284 346 1314 celeber
373 1288 474 1313 esset.
504 1283 609 1323 Hunc,
638 1287 672 1311 ut
700 1282 897 1322 ostenderet,
924 1292 962 1312 se
989 1293 1056 1313 cum
1083 1284 1149 1312 suis
1170 1288 1201 1312 et
1225 1283 1407 1322 propinquis
1427 1292 1446 1312 a
1465 1283 1547 1311 bello
1569 1283 1733 1321 recedere,
1760 1293 1854 1314 arcus
1875 1294 2008 1315 nervum

218 1348 370 1388 solvisse,
400 1347 562 1387 cuspidem
580 1347 713 1376 lanceae
732 1346 913 1375 removisse
942 1345 1118 1378 dicentem:
1147 1347 1180 1375 In
1208 1355 1246 1375 eo
1266 1346 1385 1384 (bello)
1414 1346 1485 1375 inihi
1512 1356 1617 1385 neque
1645 1347 1786 1376 camelus
1816 1356 1884 1376 mas
1903 1357 2008 1387 neque

219 1411 362 1442 camelus
390 1410 506 1440 femina
533 1414 595 1450 est,
625 1419 706 1449 quae
732 1409 831 1438 verba
858 1410 888 1437 in
916 1409 1077 1447 proverbii
1103 1407 1360 1436 consuetudinem
1381 1408 1526 1436 venerint
1545 1405 1658 1450 (Meid.
1681 1407 1737 1445 23,
1759 1404 1865 1450 318).
1894 1409 2008 1438 Virum

218 1473 305 1503 illum
333 1472 415 1502 bello
444 1481 545 1511 usque
573 1471 612 1501 ad
640 1472 778 1501 ultimum
805 1471 870 1500 eius
898 1471 1050 1510 proelium
1078 1470 1273 1499 abstinuisse
1300 1474 1331 1498 et
1359 1479 1507 1508 causam,
1536 1480 1591 1500 cui·
1620 1470 1747 1500 tandem
1775 1471 1857 1499 bello
1884 1480 1921 1500 se
1949 1471 2009 1501 im·

219 1534 396 1574 miscuerit,
423 1533 517 1563 talem
546 1533 659 1566 fuisse.
714 1533 885 1572 Bodjairus
915 1534 944 1562 b.
973 1533 1095 1562 Alimru
1123 1534 1152 1562 b.
1181 1532 1304 1563 Ohbaid
1327 1533 1458 1562 amissos
1476 1533 1615 1562 camelos
1637 1538 1669 1563 ut
1689 1537 1870 1572 quaereret,
1898 1535 2010 1563 exiens

218 1598 249 1626 in
276 1599 331 1626 via
357 1595 541 1625 Molialhelo
569 1596 596 1625 b.
626 1595 750 1625 Rabiah
778 1600 841 1624 etc.
870 1605 887 1624 e
914 1601 1012 1635 gente
1040 1595 1185 1635 Taghleb
1213 1595 1241 1624 b.
1271 1595 1382 1634 XVajel
1411 1605 1478 1624 cum
1507 1596 1633 1635 agmine
1661 1595 1932 1636 Taghlebitarum,
1959 1595 2011 1634 qui

218 1659 389 1689 socordem
416 1663 544 1698 gentem
571 1659 652 1687 Beer
679 1657 708 1687 b.
738 1657 849 1696 Wajel
879 1657 1086 1696 invaderent,
1116 1662 1306 1690 occurrerat,
1360 1657 1564 1687 Moliallielus
1592 1658 1717 1687 iuvenis
1744 1658 2009 1697 pulchritudinem

219 1721 415 1758 formamque
441 1718 609 1758 admirans,
639 1719 708 1758 quis
737 1723 847 1760 esset,
875 1721 1088 1759 interrogavit
1116 1723 1146 1748 et
1173 1729 1266 1758 quum
1295 1720 1364 1758 quis
1392 1725 1493 1749 mater
1522 1720 1646 1749 iuvenis
1675 1726 1784 1760 esset,
1822 1719 2009 1760 audivisset,

219 1782 330 1811 lancea
356 1790 427 1810 eum
455 1779 625 1809 confodere
651 1779 681 1808 in
708 1780 810 1808 animo
838 1780 985 1809 habebat.
1039 1769 1210 1812 volentem
1239 1782 1392 1820 impedire
1420 1782 1543 1811 studuit
1571 1777 1835 1811 Amru-l'Kaisus
1863 1782 1892 1811 b.
1917 1782 2009 1811 Aban

218 1845 247 1873 b.
277 1841 367 1872 Cahb
394 1841 424 1870 b.
450 1840 566 1880 Sohpir
593 1844 680 1881 etc,
719 1840 768 1869 vir
795 1841 997 1870 nobilissimis
1026 1842 1225 1882 Taghlebitis
1253 1845 1504 1883 adnumeratus,
1544 1848 1573 1874 el
1603 1840 1682 1874 alter
1711 1845 1828 1873 arbiter
1854 1845 1884 1873 in
1911 1850 2010 1885 gente

219 1904 349 1944 XVajel,
391 1902 442 1941 qui
468 1911 525 1940 per
552 1901 682 1941 longum
711 1906 838 1940 tempus
867 1911 975 1932 eorum
1005 1905 1137 1943 primum
1164 1916 1277 1947 agmen
1304 1907 1450 1953 ducebat,
1480 1906 1606 1936 dicens:
1644 1907 1696 1935 Ne
1722 1906 1752 1935 id
1780 1905 1901 1947 facias,
1939 1916 2010 1936 nam

221 1975 278 2006 per
304 1959 425 1994 Deum!
454 1963 514 1992 hoc
542 1963 650 1992 occiso
678 1972 719 1991 ex
746 1963 838 1991 vobis
867 1963 1014 2003 princeps
1035 1966 1210 2007 occidetur,
1239 1969 1325 1998 cuius
1347 1970 1416 2007 quis
1436 1969 1479 1998 sit
1506 1969 1696 2009 avunculus,
1715 1978 1776 1996 non
1795 1968 2011 2009 interrogatur

222 2028 260 2066 (i.
288 2036 315 2056 e.
343 2027 447 2055 clarus
477 2030 510 2054 et
540 2025 684 2054 omnibus
709 2027 842 2067 nolus)3
880 2036 919 2054 ne
950 2027 1135 2057 iniustitiam
1164 2031 1254 2068 parvi
1291 2030 1434 2070 habeas,
1475 2040 1544 2059 nam
1572 2030 1679 2059 exitus
1708 2030 1777 2059 eius
1806 2030 1921 2059 noxius
1949 2035 2010 2059 est.

220 2091 297 2120 Tam
328 2088 483 2128 patruelis
509 2089 577 2117 eius
606 2097 699 2127 quam
730 2092 821 2126 pater
848 2097 919 2117 euni
949 2088 1072 2118 familiis
1102 2091 1184 2120 bello
1213 2096 1321 2121 contra
1349 2101 1404 2121 nos
1432 2101 1500 2121 cum
1530 2096 1628 2131 gente
1654 2092 1736 2121 Beer
1760 2092 1790 2123 b.
1820 2089 1933 2131 Wajel
1960 2092 2011 2121 fa-

222 2151 335 2182 ciendo
362 2151 556 2180 abstinuere.
609 2149 741 2179 Dimitte
768 2151 863 2190 igilur
898 2160 967 2180 eum
1001 2154 1032 2180 et
1067 2151 1137 2180 mihi
1172 2153 1360 2193 obsequium
1397 2148 1545 2193 praesta!
1583 2153 1868 2184 Amru-I'Kaisus
1908 2159 2010 2184 autem

221 2217 340 2245 monito
367 2213 513 2254 neglecto
539 2222 611 2241 eum
639 2212 750 2241 occidit
775 2211 905 2241 dicens:
933 2213 1062 2242 Morere
1092 2224 1147 2253 pro
1177 2214 1242 2244 loro
1273 2217 1383 2246 soleae
1410 2216 1550 2248 Colaibi!
1579 2216 1680 2254 (conf.
1695 2217 1793 2246 Meid-
1814 2216 1868 2255 13,
1888 2217 2008 2255 1142).

242 2323 271 2355 1)
292 2324 359 2346 Ante
378 2321 568 2345 Moliammedis
586 2323 609 2343 et
629 2322 690 2349 post
709 2319 765 2342 eius
784 2325 888 2349 quoquc
907 2321 1010 2349 tempus
1030 2321 1055 2343 iu
1075 2323 1157 2345 variis
1176 2324 1300 2353 gentibus
1318 2324 1410 2347 arbitri
1430 2327 1520 2353 erant,
1550 2325 1581 2347 ad
1607 2331 1685 2354 quos,
1709 2325 1731 2347 si
1751 2324 1785 2347 lis
1803 2323 1946 2346 dirimenda
1965 2326 2010 2345 aut

287 2372 317 2396 de
337 2380 364 2396 re
383 2372 506 2395 iudicium
527 2371 661 2393 ferendum
681 2373 747 2399 erat,
767 2370 918 2393 veniebant.
957 2371 1052 2394 Plures
1076 2372 1167 2395 arbitri
1190 2374 1265 2396 nobis
1290 2374 1345 2396 noti
1371 2378 1432 2396 sunt
1455 2375 1540 2397 cons.
1565 2375 1649 2396 llam.
1677 2380 1700 2402 p.
1719 2370 1749 2398 ΊΛ
1768 2381 1791 2404 p.
1810 2367 1850 2397 lt?
1869 2372 1886 2395 l.
1908 2371 1949 2394 10.
1987 2373 2010 2395 A

290 2423 398 2451 iudicio,
417 2423 486 2453 quod
505 2422 605 2445 arbiter
624 2421 735 2451 serebat,
754 2421 776 2443 si
796 2421 859 2449 ipsis
878 2427 929 2444 nou
950 2422 1139 2451 satisfaciebat,
1161 2423 1193 2445 ad
1213 2429 1301 2452 regem
1322 2423 1473 2453 veniebant,
1493 2426 1518 2446 et
1537 2424 1577 2446 hic
1596 2430 1699 2453 quoque
1718 2424 1751 2446 ad
1778 2423 1934 2446 sacerdotes
1963 2422 2009 2445 Dei

290 2479 337 2499 aut
355 2476 426 2499 Deae
444 2475 581 2505 litigantes
601 2474 739 2501 mittebat,
758 2474 787 2495 ut
805 2472 923 2495 sortibus
943 2472 1066 2495 iudicium
1085 2473 1160 2495 fieret
1186 2474 1272 2496 consi
1292 2474 1367 2496 Huni.
1387 2481 1409 2503 p.
1431 2466 1461 2497 ll‘l
1484 2479 1509 2495 v.
1528 2472 1554 2496 2.
1592 2471 1706 2495 Difficile
1725 2471 1791 2494 enim
1810 2471 1918 2500 saepius
1939 2474 2008 2499 erat,

288 2526 411 2549 iudIcium
432 2526 511 2553 ferre,
530 2532 581 2555 quo
600 2531 683 2555 neque
703 2530 769 2547 uuus
789 2530 872 2553 neque
891 2524 964 2546 alter
982 2523 1142 2546 laederetur.

241 2571 272 2602 2)
292 2571 375 2594 Huius
394 2571 495 2594 iuvenis
515 2577 604 2594 necem
622 2574 674 2594 tuin
686 2570 761 2601 parvi
774 2569 900 2593 momenti
911 2575 971 2592 esse
982 2570 1096 2599 putavit,
1118 2572 1144 2592 ut
1156 2567 1258 2592 nonnisi
1271 2567 1358 2591 lorum
1369 2568 1462 2592 soleae
1474 2567 1577 2592 Colaibi
1588 2566 1670 2591 occisi
1681 2572 1796 2596 aequare
1807 2565 1856 2595 ipsi
1868 2565 2011 2590 videretur.
