2247 2865
919 91 1188 123 -193—

165 197 271 228 Verba
297 202 403 227 autem
419 197 464 226 sic
479 195 674 236 disponenda
689 199 766 224 sunt
792 190 890 233 &Q
908 190 997 236 02:33(
1023 190 1050 229 3
1067 195 1167 236 κήξ-ε,
1193 191 1312 241 ξιξω,
1338 203 1394 233 pro
1411 194 1555 237 095³&
1576 198 1631 238 ¹49,
1651 196 1708 226 he,
1740 197 1937 237 „serpentes

164 262 195 289 et
219 259 406 297 scorpiones
433 260 464 288 in
491 263 576 288 terra
600 255 774 293 exsistunt,
801 254 874 284 dum
903 253 1039 292 dispersi
1065 258 1175 283 sunt«.
1237 254 1337 284 Poeta
1372 260 1478 285 autem
1512 256 1582 286 voci
1610 258 1717 297 0322.»
1742 259 1842 289 dualis
1877 270 1939 290 nu..

164 329 283 349 merum
310 328 370 349 non
397 318 493 359 dedit,
520 316 604 358 quod
631 320 730 347 toturn
759 315 898 346 hostium
925 325 1030 355 genus
1058 321 1206 356 tunquam
1234 327 1326 348 uuam
1352 328 1417 348 rem
1445 318 1685 359 significaturus
1713 327 1790 351 erat.

165 453 197 481 4.
223 452 273 481 Ne
291 451 395 480 caedis
414 453 549 488 pretinm
572 453 685 480 sumite
693 449 706 479 Ι
725 459 797 479 nam
810 451 944 480 dedecus
957 460 1084 480 temnere
1096 452 1190 486 rideo,
1215 452 1287 480 dnm
1302 461 1365 490 rea,
1389 462 1468 491 quae
1478 456 1572 490 prelii
1585 454 1650 483 Ioco
1665 455 1791 491 dantur,
1815 458 1938 486 abeunt.

264 545 392 584 Monet,
426 555 466 575 ne
493 544 601 576 caedis
627 547 782 584 pretium,
821 545 940 575 omissa
968 545 1125 586 vindicta,
1161 551 1296 577 sumant.
1351 547 1500 577 Dedecus
1527 549 1565 578 ob
1591 549 1762 581 vindictam
1789 552 1940 583 omissam

165 617 346 648 mansurum
373 613 405 637 et
433 608 568 647 pretium
594 607 700 637 caedis
728 609 900 647 periturum
928 617 1013 638 esse.
1072 609 1151 639 voci
1191 606 1291 645 ὁδ’-αὔ
1329 614 1382 638 aut
1417 615 1562 649 tanquam
1590 615 1664 642 novi
1698 615 1854 645 sermonis
1880 616 1941 646 ini-

165 670 252 709 tium,
280 679 376 700 casus
403 670 616 700 nominativus
644 671 737 700 tribui
756 675 876 711 potest,
904 676 958 701 aut
974 671 1191 708 accusativus,
1221 670 1239 699 i.
1262 680 1290 700 e.
1312 670 1404 700 video
1424 670 1564 702 dedecus
1581 682 1773 714 mansurum,
1787 681 1820 706 et
1831 677 1941 707 caedis

163 746 297 783 pretium
323 745 478 775 abiturum
505 755 594 786 esse,
622 750 653 776 ut
680 756 751 776 cum
779 756 859 776 voce
879 744 971 793 stuli,
999 746 1220 786 coniungatur.
1272 746 1377 775 Voces
1406 744 1492 774 hil-axa
1516 752 1548 777 et
1574 748 1639 785 με
1665 752 1790 788 proprie
1816 752 1943 782 nomina

163 806 298 836 actionis
326 807 556 838 adiectivorum
583 809 847 850 significationem
874 813 1078 850 acceperuut,
1106 813 1180 839 suut
1206 809 1288 838 enirn
1317 809 1492 848 (iumenta)
1519 809 1659 851 adligata
1685 813 1715 841 in
1750 812 1827 842 atrio
1860 814 1940 855 eius,

163 869 211 898 cui
238 869 396 900 vindictae
425 870 598 901 sumendae
625 871 761 902 officium
788 878 839 902 est
866 882 925 902 seu
950 872 1004 910 id,
1043 881 1105 912 quo
1141 870 1258 901 caedes
1295 872 1452 910 expiatur.
1503 871 1554 901 Ad
1588 872 1718 903 caedem
1754 875 1943 914 expiandam

164 933 307 962 camelae
334 933 465 963 biennes
495 938 527 963 et
554 934 691 964 triennes
719 932 797 977 (non
823 945 943 974 parvae
971 939 1026 964 aut
1052 930 1142 976 pulli)
1168 933 1383 963 offerebantur
1411 933 1512 963 conf.
1541 933 1665 964 Sohair.
1693 936 1803 966 Moall.
1830 947 1862 967 v.
1888 938 1941 968 15.

163 995 249 1025 Ante
273 996 507 1026 Mohammedis
534 1002 661 1036 tempus
689 1002 813 1027 centum
840 998 981 1028 camelae
1009 998 1134 1027 oblatae
1162 996 1309 1026 videntur
1337 997 1467 1026 Hamas.
1494 995 1540 1025 7²0·
1568 998 1587 1026 l.
1613 997 1666 1027 18.
1719 999 1842 1029 Arabes
1869 1006 1942 1030 ante

162 1057 419 1089 Mohammedem
451 1061 625 1100 putabant,
662 1060 803 1090 vindicta
830 1062 951 1090 omissa
979 1060 1120 1090 occisum
1155 1061 1186 1088 in
1218 1058 1367 1098 sepulcro
1400 1068 1460 1088 non
1497 1060 1679 1102 quiescere3
1713 1060 1770 1091 sed
1796 1071 1814 1091 e
1841 1064 1942 1102 capite

164 1119 293 1149 evolare
330 1130 420 1151 avem
458 1123 645 1152 clamantem
671 1120 790 1168 §.bimi
823 1122 1009 1152 »bibendum
1038 1121 1111 1151 mihi
1144 1122 1217 1152 date
1250 1118 1487 1165 (sanguine-nol
1542 1123 1647 1156 conf.
1695 1124 1802 1154 Taras.
1831 1126 1941 1156 Moall.

163 1191 196 1211 v.
225 1181 268 1212 61
298 1182 394 1212 schol.
422 1188 455 1213 et
482 1183 660 1223 sepulcrum
689 1184 760 1214 talis
789 1185 849 1214 viri
886 1185 1054 1214 obscurum
1080 1193 1172 1225 esse3
1216 1189 1248 1214 at
1281 1183 1421 1214 vindicta
1453 1185 1582 1224 expleta
1613 1185 1782 1224 splendere
1815 1186 1940 1225 (conf.

163 1243 338 1274 Schultens
365 1244 403 1275 ad
432 1246 579 1285 Ispahan.
600 1256 629 1286 p.
654 1247 736 1286 18).
789 1247 848 1277 Vir
874 1247 970 1287 igitur
998 1248 1059 1278 hoc
1085 1248 1188 1278 officio
1217 1248 1366 1288 neglecto
1394 1256 1516 1276 summo
1544 1246 1700 1277 dedecore
1726 1248 1941 1279 adficiebatur.

165 1305 265 1336 Poeta
293 1308 403 1346 (metr.
431 1308 572 1349 'l‘hawilJ
599 1309 697 1339 dixit:
739 1308 863 1347 Quum
892 1310 949 1349 id,
976 1309 1084 1348 quod
1111 1312 1148 1339 in
1174 1314 1266 1338 utre
1293 1312 1377 1344 est,
1405 1307 1670 1345 effunditur,
1703 1309 1822 1339 scias
1848 1319 1942 1339 san-

166 1368 332 1407 guinem
359 1371 562 1410 principis
590 1380 704 1409 esse;
738 1372 982 1411 sanguinem
1010 1371 1145 1410 igitur
1171 1370 1380 1410 principis
1409 1370 1499 1398 bibe
1525 1374 1595 1399 aut
1622 1369 1770 1410 sine¹)!
1798 1371 1816 1400 i.
1839 1381 1868 1402 e.
1895 1372 1944 1402 lac

166 1430 370 1472 camelorum,
396 1442 487 1473 quas,
514 1433 662 1472 principis
679 1433 778 1462 vestri
795 1432 893 1462 occ-isi
909 1432 1056 1471 pretium,
1085 1432 1265 1471 accepistis,
1293 1436 1440 1470 tanquam
1465 1431 1550 1460 illius
1576 1431 1725 1471 principis
1753 1433 1944 1474 sanguinem

165 1500 251 1521 esse.
280 1493 437 1523 Interdum
464 1494 610 1534 dactylos
637 1505 693 1534 pro
721 1497 823 1534 pretio
854 1495 953 1524 occisi
980 1498 1130 1533 acceptos
1157 1502 1253 1534 esse,
1289 1502 1329 1522 ex
1356 1502 1455 1522 versu
1481 1497 1638 1532 sequente
1665 1493 1772 1531 (metr.
1800 1494 1943 1533 Tliawil)

168 1553 332 1584 videmus:
384 1556 596 1597 Dactylos
632 1556 782 1587 multos
821 1556 999 1586 interdiu
1034 1557 1323 1597 manducabat,
1361 1555 1447 1586 dum
1487 1555 1651 1595 dactyli
1692 1557 1943 1597 sanguinea)

167 1619 367 1649 macerati
396 1623 511 1649 erant
537 1620 667 1650 striis
694 1620 832 1650 instar
860 1629 1068 1660 purpurae
1095 1618 1293 1659 praediti.

166 1752 197 1780 5.
222 1751 314 1787 Quod
333 1755 363 1780 si
383 1756 432 1787 tu,
464 1754 547 1791 quod
564 1754 707 1790 petebas,
737 1756 918 1792 assequeris
940 1757 988 1783 est
1007 1764 1045 1782 ac
1067 1755 1097 1782 si
1116 1757 1145 1783 te
1163 1763 1203 1783 ne
1225 1763 1289 1783 una
1312 1754 1435 1792 quidem
1457 1757 1546 1782 nocte
1567 1757 1689 1790 tempus
1712 1751 1782 1793 (1).
1805 1751 1943 1793 106.)

946 1810 1160 1845 praeverterit.

265 1899 315 1929 Ad
341 1900 508 1930 vindictam
534 1901 665 1941 impellit
692 1901 823 1932 dicens:
854 1902 927 1933 Etsi
952 1903 1022 1942 quis
1049 1902 1171 1932 seriore
1190 1906 1333 1941 tempore
1352 1900 1524 1930 vindictam
1544 1902 1652 1938 sumit,
1680 1899 1826 1930 damnum
1846 1910 1942 1940 prae-

169 1965 292 1995 teritum
317 1969 446 2004 reparat
472 1969 505 1994 et
532 1964 672 1994 dedecus
699 1969 849 1994 removet.
902 1965 1079 2006 Hominem,
1107 1966 1134 1995 si
1162 1974 1225 1994 rem
1248 1963 1445 2003 intermittit,
1472 1967 1596 2002 tempus
1624 1972 1720 1992 cursu
1747 1964 1941 2002 praevertit3

168 2027 226 2056 sed
252 2026 282 2056 id
308 2035 343 2056 re
369 2030 516 2065 reparata
542 2026 670 2064 assequi
698 2029 815 2064 potest.
867 2026 928 2056 Hic
955 2026 1027 2056 mihi
1052 2035 1165 2056 sensus
1192 2036 1309 2056 versus
1338 2027 1444 2056 verbis
1473 2026 1581 2055 inesse
1615 2025 1760 2066 videtur,
1801 2025 1942 2054 scholion

168 2089 261 2128 paulo
288 2089 376 2118 aliter
404 2097 532 2118 versum
559 2088 716 2128 explieat,
742 2088 869 2127 dicens,
899 2092 952 2130 qui
982 2088 1089 2120 caedis
1115 2088 1273 2118 vindictae
1298 2086 1511 2124 satisfecerit,
1542 2087 1571 2116 ei
1599 2086 1732 2116 similem
1757 2095 1851 2124 esse,
1891 2088 1942 2125 qui

168 2151 292 2181 omnino
319 2160 380 2180 non
407 2150 554 2180 adflictus
581 2151 621 2180 sit
647 2155 678 2180 et
708 2155 820 2190 poetae
836 2161 973 2189 versum,
1000 2160 1059 2190 quo
1083 2150 1122 2180 ad
1142 2159 1221 2189 opes
1248 2148 1478 2188 comparandas
1499 2149 1638 2188 impellit,
1667 2148 1805 2178 adducit:
1834 2149 1940 2187 (metr.

168 2212 310 2251 'l'hawil)
331 2208 538 2252 Aesivi'r,
566 2221 675 2251 quum
697 2213 906 2255 vestitur,
934 2222 1005 2252 per
1023 2211 1104 2242 diei
1132 2215 1291 2250 tempus
1318 2209 1450 2240 nudus
1478 2219 1555 2239 non
1579 2209 1730 2249 fuerit,
1760 2214 1799 2239 et
1826 2218 1940 2249 quum

169 2273 288 2304 dives
315 2272 480 2311 evadit,
517 2272 656 2312 inopia
683 2282 862 2312 pressus
889 2283 964 2302 non
992 2273 1133 2303 fuerit.
1188 2271 1294 2310 (Loco
1323 2272 1492 2301 verborum
1520 2269 1634 2312 mx&
1662 2274 1693 2300 in
1720 2270 1829 2301 codice
1851 2270 1941 2299 Mer-

169 2339 253 2370 sukii
280 2337 393 2380 &jhm
418 2347 578 2377 pauper
605 2338 770 2380 legimus).
823 2339 858 2367 In
883 2346 983 2367 versu
1010 2337 1168 2366 Hamasae
1196 2331 1256 2362 ϊῴὲ
1275 2331 1371 2378 59>AE
1399 2349 1439 2372 α.
1466 2338 1516 2364 est
1543 2342 1598 2373 pro
1618 2329 1714 2377 590-55
1738 2346 1781 2370 0-
1806 2327 1876 2367 ›⁹345-

187 2454 218 2484 1)
236 2456 336 2479 Vocem
356 2449 409 2479 Le.)
429 2456 524 2479 dictum
543 2461 601 2478 esse
625 2457 689 2484 puto
716 2460 764 2483 pro
782 2455 820 2500 ξ.)
843 2460 861 2480 a
874 2455 929 2500 ὃ),
952 2453 1042 2476 littera
1061 2453 1121 2476 Alit·
1137 2453 1170 2477 ob
1190 2452 1416 2476 homoioteleuton
1436 2452 1534 2475 addita.

187 2505 218 2532 2)
236 2505 288 2529 sm
305 2508 354 2529 tut
369 2514 472 2547 02⁸²&
496 2509 656 2530 asservat
678 2507 726 2528 aut
745 2506 814 2535 quod
836 2506 868 2529 de
887 2507 996 2536 saeyus
1014 2506 1139 2536 opinatus
1158 2510 1214 2536 est,
1227 2511 1327 2548 jynq
1346 2505 1527 2528 manducat
1545 2501 1682 2531 legendum
1702 2501 1750 2523 est.
1775 2499 1832 2524 uon
1841 2500 1934 2524 metius

237 2554 351 2579 videtur.
386 2557 447 2580 Vox
463 2560 515 2600 o),
534 2560 583 2584 hoc
601 2559 625 2582 in
645 2563 724 2582 versu
742 2556 845 2587 poetice
859 2557 1069 2588 sanguinem
1087 2556 1218 2587 designat.
1254 2556 1294 2580 De
1313 2561 1378 2579 voce
1396 2548 1508 2588 „dul-4..-
1525 2550 1615 2575 conf.
1634 2550 1710 2573 flam.
1729 2556 1753 2579 p.
1771 2544 1829 2575 Ην
1851 2557 1875 2574 v.
1899 2551 1921 2575 1.

1689 2607 1734 2637 25
