2247 2865
994 111 1261 142 -466-

238 225 447 253 annosus,
484 214 522 244 in
549 214 670 244 cuius
708 217 891 250 utroque
918 211 1053 242 latere
1079 213 1202 243 coria
1228 211 1368 242 sellae
1401 216 1514 249 sunt,
1552 210 1642 241 dum
1670 211 1890 252 cingulum
1915 221 2019 243 ven-

238 280 320 310 tris
347 283 386 309 et
405 278 575 308 alterum
602 275 812 316 cingulum
841 283 935 303 eum
961 274 1226 304 vulneravit.
1254 273 1394 304 Saihdus
1423 273 1506 304 idem
1526 283 1704 313 resposum7
1724 273 1806 313 quod
1823 273 2019 304 Halhalahus

236 343 368 374 dederat
381 340 648 372 Ahbd-Almalico
676 338 754 368 dans
773 336 862 366 fratri
881 336 988 377 gentis
1007 336 1242 366 Banu-Oblaim
1268 336 1402 367 traditus
1429 341 1492 373 est,
1520 339 1571 366 cui
1599 346 1723 375 quoque
1751 346 1845 376 quum
1866 336 2020 366 Bischrus

236 406 418 447 patientiam
445 402 700 439 commendaret,
727 399 861 440 similia,
889 408 980 438 quam
1009 398 1207 428 Halhalalius
1234 397 1312 428 dixit
1339 396 1444 441 (metr.
1472 395 1630 441 Redjes):
1671 399 1756 439 Ego
1794 398 2020 438 patientior

237 477 360 509 quam
389 465 581 496 camelus
609 472 718 502 sum,
753 461 821 491 cui
848 465 985 490 tumor
1011 461 1049 489 in
1078 461 1204 491 axilla
1232 466 1317 500 est,
1351 471 1558 503 crassus,-
1583 462 1650 502 qui
1677 467 1831 492 costas
1859 460 2018 500 spurias

235 529 394 561 lateris
421 528 487 557 sui
516 525 723 562 inlocum,
752 524 818 554 ubi
845 524 1080 564 procumbit,
1108 524 1312 562 proiecit.
1338 524 1405 562 (De
1433 524 1521 554 hisce
1547 526 1708 565 versibus,
1736 525 1767 554 in
1796 525 1914 564 quibus
1941 533 2019 563 pro-

234 593 347 623 verbia
373 596 448 621 sunt
476 589 575 619 conf.
604 587 742 618 Meidan.
773 587 809 617 C.
843 587 903 623 14,
932 583 1005 629 85.)
1044 586 1253 627 Hallialahus7
1283 595 1375 625 quem
1401 587 1440 616 ad
1469 586 1769 617 Alibd-Almalicum
1798 586 2017 622 introductum,

235 661 270 687 ut
296 655 426 695 principi
464 653 601 682 fidelium
636 651 770 681 salutem
804 650 940 689 diceret,
975 649 1196 689 hortarentur,
1230 655 1406 689 sequentes
1440 658 1558 678 versus
1590 634 1744 678 recitasse
1779 649 1875 679 fertur
1910 646 2019 691 (metr.

234 714 394 759 Thawil):
421 716 552 745 Salus
580 714 636 743 sit
663 712 871 754 gentibus
900 710 1048 749 Ahdijj
1078 713 1114 739 et
1141 710 1290 740 Masen
1318 715 1360 740 et
1383 710 1585 741 Soliameh
1612 707 1709 752 (parti
1729 710 1835 751 gentis
1855 705 2016 750 Fesarah)

234 787 276 813 et
303 774 947 819 Abu-walib01)praecipuam
984 774 1163 803 salutem
1200 771 1396 803 adferte!
1450 773 1500 802 Et
1534 773 1568 801 si
1608 782 1664 801 me
1700 771 1918 811 occiditis,
1959 780 2018 800 me

233 844 457 876 occidetis
496 841 653 880 talem,
693 839 815 869 cuius
852 837 970 867 animi
1008 836 1224 877 ardorem,
1266 846 1333 876 ea,
1373 845 1476 875 quae
1511 838 1626 877 genti
1662 836 1762 870 Calb
1796 835 2014 872 intulerit,

232 905 537 938 exstinxerint.
591 903 753 942 Agmen
781 909 916 930 eorum
944 896 1124 944 deIJetum
1151 900 1307 929 solatio
1338 899 1437 928 mihi
1465 904 1585 937 erat,
1612 904 1655 929 et
1680 900 1728 929 iis
1756 900 1904 930 occisis
1931 900 2013 929 ani—

231 978 313 1001 mus
341 978 459 999 meus
488 966 642 1008 gaudio
670 965 861 1005 impletus
889 968 982 993 erat.
1036 964 1123 992 Tam
1152 961 1322 992 lanceae
1349 962 1563 992 confossio
1591 972 1712 1002 quam
1740 962 1870 1002 gladii
1897 963 2012 999 ictus,

231 1041 305 1072 quo
341 1039 448 1072 gens
477 1028 686 1058 Rofaidah
714 1031 813 1056 tota
849 1030 889 1055 et
917 1034 1025 1066 gens
1053 1024 1186 1054 Wodd
1214 1023 1396 1055 adflicta
1429 1030 1539 1063 erat,
1568 1025 1693 1054 animi
1726 1025 1794 1054 mei
1827 1024 2014 1053 morbum

231 1094 422 1126 sanavit.
473 1093 515 1122 Hi
541 1100 657 1121 versus
684 1099 759 1129 pars
787 1089 935 1119 carminis
964 1092 1049 1117 sunt.
1089 1087 1185 1116 Plura
1205 1092 1310 1117 autem
1330 1087 1411 1116 varii
1436 1087 1614 1127 argumenti
1641 1087 1735 1116 istum
1762 1087 1844 1116 diem
1871 1089 2015 1126 spectant

230 1160 369 1189 carmina
393 1156 553 1194 multaque
580 1153 620 1183 ad
646 1153 743 1183 istum
771 1151 851 1181 diem
879 1150 1071 1191 pertinentia
1097 1149 1195 1179 relata
1222 1153 1306 1178 sunt.

1010 1243 1233 1278 (mxxv.

505 1315 646 1351 Dixit
667 1312 1061 1349 Almonachchal
1085 1312 1127 1345 b.
1150 1310 1385 1344 Antan-ets
1407 1311 1737 1345 ‚lesen-corita.

328 1398 571 1428 Abu-Helalus
606 1395 753 1433 tradidit,
792 1400 920 1434 poetam
950 1393 1050 1422 fuisse
1077 1392 1328 1423 Almonachclial
1355 1394 1384 1426 b.
1411 1394 1551 1424 Masuhd
1579 1394 1607 1424 b.
1638 1389 1749 1423 A‘hmir
1775 1393 1804 1422 b.
1834 1392 1958 1422 Rabiah
1984 1393 2013 1422 b.

227 1460 346 1491 Ahmru
372 1459 618 1498 Jesehcoritam,
646 1461 856 1496 compotorem
885 1455 970 1495 regis
999 1455 1179 1484 Aluohmau
1204 1455 1232 1484 b.
1261 1455 1450 1498 Almondsir,
1479 1458 1528 1496 qui
1555 1461 1680 1496 poetam
1709 1435 1891 1496 Nabeghah
1911 1456 2014 1495 Djob-

224 1525 353 1565 janitam
380 1525 409 1553 in
435 1524 649 1563 suspicionem
676 1532 746 1552 cum
773 1531 873 1552 uxore
900 1520 1200 1559 Almotadjarredah
1228 1521 1386 1561 appellata
1412 1520 1612 1550 Alnohmano
1639 1520 1818 1560 adduxerit,
1843 1525 1876 1550 ut
1896 1520 1955 1549 hac
1973 1518 2014 1549 de

226 1597 324 1618 causa
351 1587 571 1627 Nabeghahus
601 1586 640 1615 ad
668 1590 797 1626 gentem
825 1584 964 1623 Djafnah
991 1584 1399 1624 (gentemJemanensem)
1428 1583 1652 1614 Ghassanidas
1680 1592 1715 1612 se
1741 1583 1903 1612 conferret
1929 1582 2012 1612 conf.

225 1650 364 1680 Meidan.
393 1650 429 1680 C.
460 1650 500 1689 6,
532 1649 612 1679 110.
653 1648 717 1687 23,
746 1648 828 1677 272.
884 1648 1010 1677 Versus
1038 1652 1212 1686 sequentes
1240 1657 1257 1677 a
1286 1647 1420 1677 Reiskio
1456 1647 1486 1675 in
1518 1646 1775 1676 adnotationibus
1809 1644 1847 1674 ad
1875 1644 2013 1674 'i'arai'ae

225 1713 334 1743 Moall.
363 1722 392 1752 p.
424 1712 502 1744 101.
529 1712 624 1741 latine
651 1711 737 1740 versi
764 1714 847 1744 sunt,

224 1810 252 1839 1.
275 1809 313 1839 Si
333 1813 376 1844 tu,
401 1820 417 1837 ο
440 1809 561 1843 mulier,
586 1818 634 1836 me
656 1810 824 1844 vituperas,
849 1809 879 1835 ιή
904 1808 1030 1835 Irarum
1053 1808 1112 1835 iler
1133 1807 1233 1843 diriqe
1255 1816 1312 1835 nec
1336 1808 1407 1834 inde
1427 1805 1516 1834 redi!

324 1879 463 1909 Uxorem
499 1881 598 1918 ipsum
628 1878 666 1906 ob
696 1877 819 1906 nimiam
856 1876 1076 1906 liberalitatem
1106 1876 1338 1915 vituperantem
1376 1876 1500 1904 refellit.
1554 1874 1644 1904 Uxor
1680 1875 1708 1903 si
1733 1874 1761 1902 in
1788 1876 1851 1903 isto
1878 1873 2011 1912 vitupe—

225 1941 313 1970 randi
341 1941 432 1970 modo
461 1946 707 1980 perseveratura
741 1940 802 1980 sit,
840 1945 935 1979 poeta
969 1941 1071 1978 cupit,
1109 1944 1144 1967 ut
1176 1938 1279 1976 ipsum
1316 1938 1479 1976 relinquat.
1532 1936 1625 1974 Quod
1652 1946 1783 1966 uxorem
1811 1937 1912 1975 ipsum
1940 1945 2010 1965 mo-

224 2007 351 2032 nentem
381 2004 647 2041 commemoravit,
674 2003 703 2033 id
733 2003 807 2032 fecit
834 2006 1024 2032 ostensurus
1052 2002 1269 2031 liberalitatem
1296 2009 1384 2029 suam
1415 2004 1532 2029 tantam
1560 2008 1654 2039 esse,
1683 2003 1717 2028 ut
1746 1999 1784 2028 ab
1811 1998 1914 2037 ipsum
1942 2007 2010 2027 mo-

223 2070 318 2095 nente
346 2074 447 2106 uxore
473 2075 490 2095 a
517 2066 570 2095 tali
599 2065 715 2106 agendi
742 2065 864 2094 ratione
885 2064 993 2094 reduci
1019 2073 1081 2093 non
1108 2065 1219 2102 possit.
1260 2061 1457 2100 Quamquam
1484 2062 1654 2091 verborum
1680 2063 1788 2091 uxoris
1818 2061 2008 2090 mentionem

223 2135 285 2155 non
313 2126 394 2167 fecit·
431 2126 489 2155 sed
516 2127 657 2167 generali
684 2126 775 2156 modo
804 2127 930 2156 locutus
958 2129 1019 2165 est⁷
1047 2130 1313 2165 tamenbuxorem
1341 2124 1458 2164 potius7
1487 2133 1574 2162 quam
1602 2132 1819 2162 quamcunque
1845 2122 2008 2151 mulierem
2046 2156 2054 2164 ἢ

223 2187 396 2229 significari
423 2193 509 2227 pute.
563 2189 749 2218 Mersukius
776 2188 884 2218 verbis
911 2184 1028 2233 2555*
1054 2185 1073 2215 ὃ
1102 2188 1202 2216 Deum
1231 2187 1373 2216 invocari
1401 2191 1433 2215 et
1460 2186 1593 2215 eundem
1628 2194 1756 2214 sensum
1790 2186 1887 2214 verbo
1914 2197 2008 2227 2⁵53*-

222 2251 316 2281 tribui
350 2261 448 2290 posse
483 2255 591 2293 putat,
629 2252 718 2289 quasi
748 2251 880 2281 dixerit:
920 2247 985 2296 2³5³)
1011 2246 1046 2289 ἵ,
1075 2246 1115 2277 ὥς
1143 2245 1231 2293 &¹552
1268 2248 1417 2278 »Efficiat
1451 2249 1558 2284 Deus,
1599 2253 1633 2277 ut
1666 2247 1878 2286 proficiscaris
1913 2250 1945 2275 et
1975 2248 2005 2274 te

224 2322 286 2342 non
314 2313 483 2345 redu(·at!«
523 2313 581 2342 sed
607 2313 707 2342 verba
734 2317 881 2351 tanquam
908 2312 1068 2342 sententia
1095 2320 1300 2350 consequens
1329 2321 1347 2341 e
1375 2309 1553 2340 conditione
1582 2309 1759 2348 praemissa
1786 2308 1935 2347 pendent,
1962 2307 2005 2337 ita

223 2378 256 2405 ut
282 2375 461 2405 mandatum
488 2376 679 2405 contineant.
737 2373 838 2411 Quem
870 2379 977 2404 autem
1010 2371 1227 2402 Abu-l'Ahla
1254 2372 1284 2400 iu
1310 2371 1417 2400 verbis
1443 2380 1571 2401 sensum
1597 2371 1729 2409 invenit,
1757 2379 1849 2409 quum
1876 2368 2001 2398 nimium

221 2435 252 2465 in
272 2445 309 2465 eo
336 2436 389 2475 sit,
417 2436 442 2465 is
470 2436 657 2466 reiiciendus
685 2440 747 2465 est.
797 2435 908 2465 Talem
935 2444 1011 2465 esse
1037 2435 1132 2464 dixit:
1161 2434 1196 2464 Si
1224 2443 1275 2463 me
1301 2434 1340 2463 ob
1367 2443 1487 2473 paucas
1515 2443 1594 2473 opes
1621 2436 1787 2472 vituperas
1815 2436 1847 2461 et
1873 2431 2000 2461 divitias

241 2552 270 2583 1)
290 2552 411 2575 Vocibus
436 2551 533 2587 ..dt-99
564 2544 589 2583 [fl
616 2554 684 2577 inter
701 2552 788 2577 lineas
808 2557 890 2576 voces
913 2541 1022 2592 ))·b·²⁴⁶
1048 2558 1109 2592 υ..)
1136 2542 1195 2594 Ula)
1221 2553 1418 2583 superscriptae
1437 2555 1515 2582 sunt,
1543 2556 1588 2582 ut,
1612 2551 1671 2582 quis
1693 2550 1741 2573 ille
1761 2549 1939 2574 Abu-tviihb
1957 2549 2002 2580 nit,

287 2603 451 2628 declaretur.
