2247 2865
1005 98 1276 129 -320—

239 203 267 232 1.
291 201 428 231 Animae
455 207 544 228 meae
572 197 659 231 dico,
691 197 818 235 quando
848 197 917 225 eius
941 196 1052 233 pullus
1080 195 1335 224 struthiocameli
1355 205 1491 234 propere
1517 196 1639 225 incedIt
1663 191 1840 236 sterrita):
1872 196 1956 227 Loco
1977 201 2030 227 tuo

664 251 779 280 mane!
797 255 831 280 tu
853 260 917 279 non
939 252 1072 279 timuisti
1092 254 1240 287 tempore,
1263 259 1323 288 quo
1345 251 1517 279 timendum
1541 253 1618 278 erat.

239 308 307 349 (p.
328 305 455 346 129.)
484 310 586 340 Poeta
614 318 652 339 se
680 309 838 349 hortatur,
866 312 902 337 ut
929 308 1068 337 timorem
1085 307 1220 337 abiiciat.
1248 307 1395 337 Pluribus
1410 307 1488 336 locis
1502 307 1657 348 vidimus,
1684 309 1774 337 viros
1790 307 1892 338 fortes
1910 309 2033 340 animae

238 377 381 409 timorem
407 373 602 410 adscribere,
628 371 689 401 sed
715 380 786 400 eam
812 369 1011 409 tranquillam
1038 369 1173 398 reddere
1200 368 1309 399 conf.
1337 379 1366 409 p.
1394 368 1430 399 v?
1454 379 1488 399 v.
1513 370 1542 399 l.
1570 371 1602 400 v‘t
1629 379 1661 399 v.
1682 370 1714 400 2.
1741 380 1775 399 Λο
1802 380 1834 400 v.
1856 370 1885 399 1.
1911 370 2034 401 Noster

239 440 377 469 animam
411 440 562 475 tanquam
592 441 762 472 personam
797 431 976 470 alloquitur.
1029 430 1152 460 Eodem
1180 430 1272 461 modo
1300 436 1397 470 poeta
1425 441 1455 471 p.
1483 433 1516 461 §At
1543 442 1576 461 v.
1605 431 1637 461 2.
1691 431 1941 471 Comparatione
1966 441 2034 462 cum

239 495 491 530 struthiocameli
518 494 600 534 pullo
628 492 773 523 instituta
798 494 944 522 timorem
970 491 1177 533 significavit.
1232 494 1274 524 Et
1301 495 1332 524 in
1360 494 1538 533 proverbiis
1566 493 1829 524 struthiocamelo
1857 495 1948 524 timor
1974 497 2034 524 tri·

240 561 345 592 buitur
372 556 494 597 (conf.
521 555 620 586 Meid.
648 555 685 585 C.
715 554 749 595 5,
780 554 858 583 161.
875 554 934 594 24,
961 553 1075 594 3490,
1102 555 1184 594 quod
1212 556 1336 585 nonnisi
1362 555 1490 597 fugiens
1519 556 1723 596 conspicitur.
1776 556 1978 588 Scholiastes
2005 557 2036 587 in

241 622 349 654 verbis
378 617 445 664 kgjl,
456 621 530 661 05³>
551 618 756 659 proverbium
782 626 857 647 esse
885 617 965 647 vidit
993 623 1026 647 et
1053 618 1257 657 proverbium
1282 615 1382 646 *xatas
1396 619 1494 651 θεῖά
1521 618 1638 657 (Meid.
1666 618 1703 649 C.
1732 619 1766 660 7,
1787 619 1863 659 26.)
1891 620 2035 654 contulit⁴

242 685 359 716 Melius
386 688 493 714 tamen
519 682 726 722 proverbium
751 677 803 727 all)
829 682 881 728 Q)-
910 680 1028 721 (Meid.
1044 681 1082 712 C.
1102 681 1158 722 11,
1187 682 1238 721 S.)
1267 686 1330 711 tam
1364 681 1472 711 verbis
1498 690 1590 721 quam
1617 681 1849 722 significatione
1876 682 2036 716 convenit.

240 747 361 779 Similis
396 754 520 785 quoque
558 744 708 784 loquendi
744 744 858 774 modus
893 745 923 773 in
962 745 1072 774 verbis
1112 740 1196 789 ⁸53OE
1227 740 1287 789 ,ΜΩ
1329 744 1433 774 »Avis
1460 744 1529 774 eius
1559 744 1703 773 volavit«
1736 744 1882 776 cernitur.
1936 745 2037 775 Poeta

242 816 350 842 autem
377 807 610 848 proverbialem
639 807 785 846 loquendi
814 807 941 837 modurn
968 812 1117 847 secutus,
1145 805 1382 846 comparatione
1408 806 1545 847 abiecta,
1570 805 1692 835 animae
1713 810 1861 845 tanquam
1879 806 2037 837 struthio-

242 872 366 904 camelo
394 871 498 910 pullos
526 870 644 899 tribuit.
698 869 784 899 Esse
812 874 919 899 tamen
947 869 1056 908 plures
1083 869 1182 907 feras,
1210 879 1293 909 quae
1320 869 1350 898 in
1377 868 1514 899 desertis
1538 868 1680 907 adultae,
1708 869 1760 899 ubi
1776 868 1934 899 hominem
1950 869 2037 909 ipsas

241 937 414 965 terrentem
440 941 503 961 nou
539 932 789 970 conspexerint,
828 933 987 961 neminem
1019 931 1161 972 fugiant,
1202 932 1232 961 in
1268 931 1399 962 scholiis
1439 932 1584 972 legimus
1637 932 1731 962 Hunc
1760 941 1884 971 quoque
1909 941 2040 963 sensum

242 1000 340 1036 poeta
360 993 632 1024 Dsu-l'Rommah
653 993 683 1022 in
701 1002 801 1023 versu
818 994 981 1033 expressit
996 993 1123 1024 dicens:
1151 995 1258 1033 (metr.
1274 995 1418 1034 Thau-il)
1432 995 1481 1026 Et
1499 995 1723 1034 quaelibet
1743 996 1875 1037 nigris
1898 996 2038 1026 oculis

242 1057 441 1098 praedita
476 1055 660 1095 (dorsas)
699 1056 874 1086 videtur
912 1056 1136 1087 familiaris
1179 1059 1227 1088 ob
1264 1058 1431 1097 longam
1467 1057 1750 1088 solitudinem
1785 1058 2038 1098 neglectam.

243 1123 278 1152 In
304 1129 388 1150 voce
413 1115 523 1149 ὁδώ
549 1119 696 1159 verbum,
724 1129 741 1148 e
770 1128 830 1158 quo
858 1128 972 1149 nomen
1000 1119 1138 1159 pendet,
1166 1121 1319 1150 omissum
1349 1125 1397 1149 est
1424 1130 1476 1149 ex.
1509 1130 1557 1160 gr.
1586 1116 1709 1166 652>st
1739 1115 1877 1151 »tenel«
1918 1121 1954 1150 In
1980 1122 2051 1161 po-⁴

244 1189 363 1215 strema
389 1188 495 1212 autem
522 1190 637 1211 versus
665 1185 755 1220 parte
782 1191 884 1212 causa
911 1186 982 1222 est,
1020 1190 1076 1212 cur
1113 1182 1237 1212 animae
1270 1182 1441 1212 timendum
1478 1191 1538 1211 non
1567 1185 1617 1212 sit.
1672 1183 1942 1214 Consuetudinem
1970 1184 2041 1213 talis

245 1246 363 1288 agendi
389 1245 520 1275 rationis
548 1254 615 1274 eain
644 1254 706 1274 non
733 1245 901 1285 habuisse,
929 1245 972 1274 ita
998 1249 1033 1274 ut
1062 1245 1174 1274 mirum
1202 1244 1256 1282 sit,
1284 1243 1369 1283 quod
1396 1253 1480 1273 nnnc
1508 1244 1629 1274 timeat.
1682 1244 1759 1273 Vox
1786 1241 1827 1275 ω
1855 1254 1911 1284 pro
1930 1242 1955 1278 ,ἑ
1978 1251 2040 1286 est,

247 1308 350 1339 conf.
367 1308 458 1337 Ham.
485 1317 515 1346 p.
532 1307 578 1335 rw
600 1316 631 1335 v.
654 1307 682 1336 l.
708 1312 741 1336 et
767 1302 992 1336 Amru-l'Kais
1021 1306 1129 1335 Moall.
1156 1316 1187 1339 v,
1217 1307 1272 1335 48.
1301 1310 1332 1336 et
1359 1306 1481 1336 Alnnru
1510 1307 1538 1335 b.
1562 1306 1670 1335 Keltli.
1690 1307 1800 1337 Moall.
1817 1317 1849 1339 v,
1870 1307 1916 1337 73
1936 1313 1968 1337 et
1985 1308 2040 1339 74.

247 1372 368 1401 Poetae
396 1370 527 1408 saepius
555 1378 667 1398 vocem
696 1368 719 1397 Lo
748 1369 840 1398 niodo
870 1369 1070 1408 pleonastico
1098 1368 1309 1398 adhibuerunt
1337 1368 1444 1397 conf.
1471 1369 1565 1398 llam.
1595 1379 1624 1408 p.
1642 1370 1673 1398 m
1688 1379 1718 1398 v.
1738 1369 1767 1399 l.
1784 1379 1812 1408 p.
1827 1369 1952 1399 Wlfflin*
1965 1380 1996 1400 v.
2011 1370 2042 1400 2.

248 1433 411 1473 Originem
437 1430 682 1471 significationis
717 1431 911 1468 timendi,
955 1440 1036 1470 quae
1064 1431 1164 1459 verbo
1190 1429 1289 1460 uas-wi
1318 1431 1477 1471 convenit,
1506 1433 1537 1460 in
1567 1431 1749 1461 infirmitate
1776 1431 1896 1462 vident.
1950 1433 2044 1472 Apud

248 1501 363 1537 poetas
389 1496 546 1526 interdum
573 1496 689 1526 formas
715 1499 955 1535 participiorum
983 1496 1054 1525 loco
1081 1496 1237 1524 nominum
1273 1493 1432 1523 actionum
1466 1493 1622 1523 adhibitas
1659 1494 1847 1523 invenimus.
1900 1494 1955 1524 Sic
1980 1504 2046 1524 vox

250 1567 365 1590 Qu
391 1560 421 1588 in
448 1568 548 1588 versu
578 1559 647 1589 loco
675 1560 764 1589 vocis
790 1556 895 1599 &Liui
925 1563 975 1588 est
1003 1558 1107 1588 cons.
1135 1567 1165 1597 p.
1194 1556 1235 1585 ῐΛν
1263 1566 1294 1585 v.
1325 1554 1356 1585 3.
1384 1556 1435 1585 ubi
1465 1554 1557 1584 latu-o
1582 1565 1637 1595 pro
1667 1554 1756 1586 [alexii
1785 1561 1847 1586 est.

249 1646 281 1674 2.
306 1644 427 1674 Locum
451 1648 538 1671 tunm
564 1647 641 1671 tene.
669 1645 764 1671 donec
788 1644 900 1673 rideas.
928 1653 1083 1681 quaenam
1099 1653 1150 1670 res
1167 1643 1302 1669 (enebris-
1321 1643 1448 1669 renuetis
1461 1641 1558 1669 liuius
1574 1641 1668 1669 nubis
1677 1641 1834 1679 fzclyenlis
1846 1651 1882 1670 se
1892 1642 2043 1670 ostendat.

350 1703 384 1731 In
412 1701 610 1731 adhortando
636 1703 753 1741 pergit.
807 1701 993 1740 Descripsit
1020 1705 1126 1729 autem
1155 1700 1277 1728 animae
1304 1698 1514 1728 conditionem
1540 1698 1629 1728 initio
1648 1698 1769 1739 proelii,
1797 1708 1858 1737 quo
1876 1698 2046 1737 trepidatio

252 1769 285 1794 et
311 1764 520 1795 fortissimum
548 1772 702 1802 quemque
728 1763 814 1792 initio
843 1773 900 1802 pei·
928 1763 1027 1791 breve
1055 1762 1208 1801 temporis
1237 1760 1375 1799 spatium
1403 1769 1565 1799 occupare
1598 1761 1690 1790 solet.
1754 1760 1954 1801 Fugiendum
1983 1770 2045 1790 non

252 1834 339 1866 esse,
369 1824 480 1862 donec,
508 1833 662 1863 quaenam
690 1833 744 1854 res
772 1824 900 1853 futurae
928 1826 1004 1863 sint,
1033 1823 1233 1863 apparuerit3
1259 1822 1406 1851 videmus
1434 1827 1542 1851 autem
1568 1832 1610 1851 ex
1637 1822 1872 1860 comparatione
1889 1822 2045 1862 instituta,

252 1892 378 1927 poetam
405 1892 532 1925 tempus
561 1886 763 1916 advenientis
791 1889 956 1915 exercitus
985 1886 1108 1915 hostilis
1136 1890 1211 1914 ante
1236 1883 1349 1912 oculos
1382 1882 1547 1912 habuisse.
1608 1883 1729 1911 Poetae
1765 1883 1939 1912 exercitum
1975 1892 2047 1912 cum

253 1950 335 1979 nube
361 1949 534 1978 tenebrosa
561 1948 684 1986 (conf.
705 1949 797 1977 llam.
826 1958 856 1987 p.
872 1949 906 1977 1⁴⁸5
922 1958 952 1977 v.
967 1947 1030 1985 3.),
1059 1957 1143 1977 arina
1171 1946 1367 1985 splendentia
1396 1954 1465 1975 cum
1494 1945 1672 1986 fulguribus
1700 1946 1824 1985 (conf.
1853 1957 1881 1986 p.
1898 1949 1932 1977 ΓΗ
1948 1956 1979 1975 ν.
1996 1947 2047 1983 2.)

254 2020 355 2050 saepe
382 2015 617 2049 compararunt.
671 2011 893 2039 Accusativus
921 2009 1009 2038 vocis
1035 2005 1146 2037 ἁλία
1171 2018 1189 2037 e
1216 2007 1316 2036 verbo
1344 2007 1462 2036 omisso
1491 2007 1618 2046 pendet.
1673 2008 1748 2038 Vox
1774 2019 1816 2051 pc
1835 2013 1886 2037 est
1908 2017 1964 2047 pro
1979 2007 2045 2038 lac.

255 2073 384 2111 Duplex
411 2076 516 2101 antem
544 2074 574 2101 in
603 2081 702 2101 versu
720 2071 848 2112 legendi
869 2071 981 2100 modus
1002 2075 1057 2100 aut
1071 2066 1161 2105 {igi-0⁴:
1187 2070 1427 2100 obscuritas
1455 2076 1508 2100 aut
1537 2071 1622 2107 &kg-2².
1650 2072 1805 2112 umbra,
1834 2073 1935 2110 (quae
1950 2072 2048 2101 verba

254 2133 491 2174 significatione
518 2142 580 2162 non
608 2134 738 2163 multum
766 2129 931 2175 differunt)
960 2133 1129 2162 invenitur.
1182 2133 1334 2170 Narrant,
1367 2132 1507 2162 lasidum
1541 2134 1571 2163 b.
1605 2134 1806 2164 Almohalleb
1844 2134 2048 2163 rebellantem

256 2195 455 2226 Maslemaho
481 2195 509 2224 b.
538 2195 805 2225 Alibd-Alinalic
842 2202 874 2225 et
909 2196 1094 2226 Alahbbaso
1122 2195 1151 2224 b.
1179 2194 1319 2224 Alwalid
1346 2200 1458 2224 contra
1485 2205 1553 2225 eurn
1581 2195 1872 2234 proficiscentibus,
1907 2196 2006 2225 Arabi
2032 2205 2048 2223 c

257 2264 353 2300 gente
379 2259 504 2289 Alasd
532 2259 635 2298 ipsum
664 2264 814 2299 tanquam
842 2260 1014 2298 principem
1043 2258 1181 2288 fidelium
1209 2257 1382 2297 salutanti,
1422 2256 1495 2286 dum
1530 2258 1649 2287 initium
1686 2267 1804 2287 versus
1838 2257 1941 2297 posita
1967 2265 2048 2285 voce

258 2317 367 2368 53³2)
398 2326 548 2359 mutaret,
575 2330 706 2350 versum
737 2321 860 2350 dixisse
887 2319 1007 2362 (conf.
1037 2319 1144 2349 Abulf.
1173 2319 1256 2348 Anu.
1284 2319 1320 2347 Τ.
1351 2319 1374 2347 Ι.
1402 2328 1432 2357 p.
1463 2319 1573 2358 442).

258 2393 290 2422 3.
314 2393 359 2422 Et
381 2402 450 2421 cum
475 2402 508 2420 eo
531 2396 606 2425 esto,
635 2395 690 2431 qui
710 2393 942 2421 illolmmmedis
965 2394 1047 2420 viam
1069 2393 1214 2429 seqnitur
1235 2394 1265 2419 et
1286 2393 1316 2419 si
1337 2391 1443 2418 anima
1471 2392 1555 2425 eius.
1587 2392 1642 2429 qui
1667 2392 1767 2429 officio
1796 2398 1859 2418 non
1881 2390 2048 2427 satisfacit.

966 2444 1124 2475 mentitur,
1150 2451 1250 2469 rpraJ·
1273 2444 1337 2469 esto
1351 2441 1364 2470 l

262 2499 292 2528 4.
317 2497 419 2533 Quum
443 2498 571 2535 ylade'us
592 2499 656 2527 Dei
676 2499 768 2526 dicit:
802 2497 921 2526 Contra
944 2506 996 2524 eos
1019 2499 1131 2524 itemm
1154 2497 1301 2532 impetam
1321 2497 1438 2534 facile,
1472 2497 1621 2532 impetum
1640 2496 1782 2533 facimus
1806 2496 1836 2522 el
1858 2493 1948 2521 verba
1973 2495 2049 2522 ems.

831 2549 886 2585 qui
908 2549 1044 2575 relinere
1066 2556 1124 2575 nos
1148 2546 1222 2577 rull,
1249 2555 1310 2574 non
1336 2557 1494 2576 curamus,

360 2606 393 2634 In
421 2605 511 2635 hisce
539 2604 661 2634 duobus
689 2603 855 2641 versibus,
893 2603 942 2642 qui
972 2605 1004 2633 in
1030 2603 1187 2633 Mersukii
1216 2604 1326 2634 codice
1352 2614 1414 2634 non
1443 2608 1535 2644 sunt,
1573 2606 1636 2632 tum
1665 2601 1695 2631 in
1722 2601 1826 2631 anima
1854 2600 2052 2631 adliortanda
