<?xml version="1.0" encoding="UTF-8"?>
<!DOCTYPE html PUBLIC "-//W3C//DTD XHTML 1.0 Transitional//EN"
    "http://www.w3.org/TR/xhtml1/DTD/xhtml1-transitional.dtd">
<html xmlns="http://www.w3.org/1999/xhtml" xml:lang="en" lang="en">
 <head>
  <title>
</title>
<meta http-equiv="Content-Type" content="text/html;charset=utf-8" />
  <meta name='ocr-system' content='tesseract 3.04.00' />
  <meta name='ocr-capabilities' content='ocr_page ocr_carea ocr_par ocr_line ocrx_word'/>
</head>
<body>
  <div class='ocr_page' id='page_1' title='image "./p1hamassaecarmin02abbiuoft_0505.png"; bbox 0 0 2247 2865; ppageno 0'>
   <div class='ocr_carea' id='block_1_1' title="bbox 953 110 1219 141">
    <p class='ocr_par' dir='ltr' id='par_1_1' title="bbox 953 110 1219 141">
     <span class='ocr_line' id='line_1_1' title="bbox 953 110 1219 141; baseline 0 0"><span class='ocrx_word' id='word_1_1' title='bbox 953 110 1219 141; x_wconf 72' lang='lat'><strong>-469—</strong></span> 
     </span>
    </p>
   </div>
   <div class='ocr_carea' id='block_1_2' title="bbox 187 209 1973 815">
    <p class='ocr_par' dir='ltr' id='par_1_2' title="bbox 187 209 1973 815">
     <span class='ocr_line' id='line_1_2' title="bbox 191 209 1973 250; baseline 0.001 -10"><span class='ocrx_word' id='word_1_2' title='bbox 191 210 330 241; x_wconf 64' lang='lat' dir='ltr'>tontibus</span> <span class='ocrx_word' id='word_1_3' title='bbox 358 210 558 242; x_wconf 83' lang='lat' dir='ltr'>describitur.</span> <span class='ocrx_word' id='word_1_4' title='bbox 611 212 687 242; x_wconf 79' lang='lat' dir='ltr'>Erat</span> <span class='ocrx_word' id='word_1_5' title='bbox 715 211 827 242; x_wconf 84' lang='lat' dir='ltr'>hiemis</span> <span class='ocrx_word' id='word_1_6' title='bbox 856 214 981 250; x_wconf 85' lang='lat' dir='ltr'>tempus</span> <span class='ocrx_word' id='word_1_7' title='bbox 1009 210 1049 241; x_wconf 83' lang='lat' dir='ltr'>ad</span> <span class='ocrx_word' id='word_1_8' title='bbox 1076 210 1297 240; x_wconf 76' lang='lat' dir='ltr'><strong>liberalitatem</strong></span> <span class='ocrx_word' id='word_1_9' title='bbox 1321 209 1534 240; x_wconf 82' lang='lat' dir='ltr'>exercendam</span> <span class='ocrx_word' id='word_1_10' title='bbox 1561 212 1696 240; x_wconf 77' lang='lat' dir='ltr'>maxime</span> <span class='ocrx_word' id='word_1_11' title='bbox 1724 211 1892 247; x_wconf 74' lang='lat' dir='ltr'>idoneum:</span> <span class='ocrx_word' id='word_1_12' title='bbox 1920 216 1973 242; x_wconf 86' lang='lat' dir='ltr'>est</span> 
     </span>
     <span class='ocr_line' id='line_1_3' title="bbox 190 269 1972 318; baseline 0.001 -16"><span class='ocrx_word' id='word_1_13' title='bbox 190 273 272 302; x_wconf 86' lang='lat' dir='ltr'>euim</span> <span class='ocrx_word' id='word_1_14' title='bbox 297 273 421 312; x_wconf 80' lang='lat' dir='ltr'>inopiae</span> <span class='ocrx_word' id='word_1_15' title='bbox 448 277 584 313; x_wconf 74' lang='lat' dir='ltr'>tempus,</span> <span class='ocrx_word' id='word_1_16' title='bbox 637 274 753 304; x_wconf 75' lang='lat' dir='ltr'>Verbis</span> <span class='ocrx_word' id='word_1_17' title='bbox 774 269 884 318; x_wconf 42' lang='lat' dir='ltr'>fiam-&lt;Il</span> <span class='ocrx_word' id='word_1_18' title='bbox 911 270 1012 309; x_wconf 46' lang='lat' dir='ltr'>:aq-afli</span> <span class='ocrx_word' id='word_1_19' title='bbox 1042 273 1220 313; x_wconf 85' lang='lat' dir='ltr'>tentorium,</span> <span class='ocrx_word' id='word_1_20' title='bbox 1250 281 1310 311; x_wconf 91' lang='lat' dir='ltr'>quo</span> <span class='ocrx_word' id='word_1_21' title='bbox 1338 275 1479 312; x_wconf 86' lang='lat' dir='ltr'>tempore</span> <span class='ocrx_word' id='word_1_22' title='bbox 1506 272 1618 301; x_wconf 83' lang='lat' dir='ltr'>liieniis</span> <span class='ocrx_word' id='word_1_23' title='bbox 1638 273 1817 312; x_wconf 83' lang='lat' dir='ltr'>utebantur,</span> <span class='ocrx_word' id='word_1_24' title='bbox 1844 274 1972 314; x_wconf 78' lang='lat' dir='ltr'>signiti-</span> 
     </span>
     <span class='ocr_line' id='line_1_4' title="bbox 191 333 1970 375; baseline -0.001 -9"><span class='ocrx_word' id='word_1_25' title='bbox 191 345 287 366; x_wconf 80' lang='lat' dir='ltr'>casse</span> <span class='ocrx_word' id='word_1_26' title='bbox 315 337 452 367; x_wconf 81' lang='lat' dir='ltr'>videtur.</span> <span class='ocrx_word' id='word_1_27' title='bbox 480 337 567 367; x_wconf 79' lang='lat' dir='ltr'>Talis</span> <span class='ocrx_word' id='word_1_28' title='bbox 594 337 673 366; x_wconf 86' lang='lat' dir='ltr'>enim</span> <span class='ocrx_word' id='word_1_29' title='bbox 702 336 812 366; x_wconf 81' lang='lat' dir='ltr'>lacinia</span> <span class='ocrx_word' id='word_1_30' title='bbox 840 341 955 365; x_wconf 85' lang='lat' dir='ltr'>terram</span> <span class='ocrx_word' id='word_1_31' title='bbox 984 339 1119 375; x_wconf 76' lang='lat' dir='ltr'>tangens</span> <span class='ocrx_word' id='word_1_32' title='bbox 1145 334 1280 364; x_wconf 78' lang='lat' dir='ltr'>maxime</span> <span class='ocrx_word' id='word_1_33' title='bbox 1307 333 1419 363; x_wconf 84' lang='lat' dir='ltr'>hiemis</span> <span class='ocrx_word' id='word_1_34' title='bbox 1447 338 1601 373; x_wconf 85' lang='lat' dir='ltr'>tempore,</span> <span class='ocrx_word' id='word_1_35' title='bbox 1629 339 1662 364; x_wconf 90' lang='lat' dir='ltr'>ut</span> <span class='ocrx_word' id='word_1_36' title='bbox 1689 335 1776 363; x_wconf 90' lang='lat' dir='ltr'>venti</span> <span class='ocrx_word' id='word_1_37' title='bbox 1804 334 1970 375; x_wconf 77' lang='lat' dir='ltr'>frigusque</span> 
     </span>
     <span class='ocr_line' id='line_1_5' title="bbox 189 396 1969 442; baseline -0.001 -15"><span class='ocrx_word' id='word_1_38' title='bbox 189 399 396 434; x_wconf 79' lang='lat' dir='ltr'>retineantur,</span> <span class='ocrx_word' id='word_1_39' title='bbox 425 399 610 429; x_wconf 82' lang='lat' dir='ltr'>necessaria</span> <span class='ocrx_word' id='word_1_40' title='bbox 634 403 695 429; x_wconf 80' lang='lat' dir='ltr'>est.</span> <span class='ocrx_word' id='word_1_41' title='bbox 725 399 787 428; x_wconf 80' lang='lat' dir='ltr'>Alii</span> <span class='ocrx_word' id='word_1_42' title='bbox 807 403 911 428; x_wconf 80' lang='lat' dir='ltr'>autem</span> <span class='ocrx_word' id='word_1_43' title='bbox 938 398 1009 428; x_wconf 84' lang='lat' dir='ltr'>voci</span> <span class='ocrx_word' id='word_1_44' title='bbox 1029 402 1110 442; x_wconf 44' lang='lat' dir='ltr'><em>W</em></span> <span class='ocrx_word' id='word_1_45' title='bbox 1145 396 1412 437; x_wconf 81' lang='lat' dir='ltr'>significationem</span> <span class='ocrx_word' id='word_1_46' title='bbox 1442 397 1596 436; x_wconf 83' lang='lat' dir='ltr'>magnis</span> <span class='ocrx_word' id='word_1_47' title='bbox 1623 396 1823 426; x_wconf 86' lang='lat' dir='ltr'>lateribus</span> <span class='ocrx_word' id='word_1_48' title='bbox 1851 406 1969 436; x_wconf 87' lang='lat' dir='ltr'>prae-</span> 
     </span>
     <span class='ocr_line' id='line_1_6' title="bbox 189 457 1970 504; baseline 0 -16"><span class='ocrx_word' id='word_1_49' title='bbox 189 458 270 489; x_wconf 86' lang='lat' dir='ltr'>diti</span> <span class='ocrx_word' id='word_1_50' title='bbox 297 470 315 490; x_wconf 85' lang='lat' dir='ltr'>a</span> <span class='ocrx_word' id='word_1_51' title='bbox 334 470 414 490; x_wconf 79' lang='lat' dir='ltr'>voce</span> <span class='ocrx_word' id='word_1_52' title='bbox 431 467 489 504; x_wconf 60' lang='lat'>:⁶⁸⁸³</span> <span class='ocrx_word' id='word_1_53' title='bbox 515 461 616 499; x_wconf 79' lang='lat' dir='ltr'>(latus</span> <span class='ocrx_word' id='word_1_54' title='bbox 631 461 775 496; x_wconf 86' lang='lat' dir='ltr'>tentorii)</span> <span class='ocrx_word' id='word_1_55' title='bbox 803 460 979 490; x_wconf 81' lang='lat' dir='ltr'>derivatam</span> <span class='ocrx_word' id='word_1_56' title='bbox 997 460 1183 499; x_wconf 82' lang='lat' dir='ltr'>tribuerunt,</span> <span class='ocrx_word' id='word_1_57' title='bbox 1211 458 1284 488; x_wconf 90' lang='lat' dir='ltr'>dum</span> <span class='ocrx_word' id='word_1_58' title='bbox 1310 458 1362 488; x_wconf 87' lang='lat' dir='ltr'>alii</span> <span class='ocrx_word' id='word_1_59' title='bbox 1389 468 1470 488; x_wconf 85' lang='lat' dir='ltr'>voce</span> <span class='ocrx_word' id='word_1_60' title='bbox 1492 457 1578 502; x_wconf 64' lang='lat'>:⁹⁰5</span> <span class='ocrx_word' id='word_1_61' title='bbox 1608 458 1794 489; x_wconf 80' lang='lat' dir='ltr'>fractum</span> <span class='ocrx_word' id='word_1_62' title='bbox 1823 468 1882 488; x_wconf 89' lang='lat' dir='ltr'>seu</span> <span class='ocrx_word' id='word_1_63' title='bbox 1910 458 1970 488; x_wconf 90' lang='lat' dir='ltr'>di-</span> 
     </span>
     <span class='ocr_line' id='line_1_7' title="bbox 189 522 1971 563; baseline 0 -12"><span class='ocrx_word' id='word_1_64' title='bbox 189 528 324 553; x_wconf 89' lang='lat' dir='ltr'>rutum</span> <span class='ocrx_word' id='word_1_65' title='bbox 353 528 585 553; x_wconf 83' lang='lat' dir='ltr'>ventorum</span> <span class='ocrx_word' id='word_1_66' title='bbox 613 523 652 553; x_wconf 77' lang='lat' dir='ltr'>vi</span> <span class='ocrx_word' id='word_1_67' title='bbox 679 523 852 563; x_wconf 78' lang='lat' dir='ltr'>significari</span> <span class='ocrx_word' id='word_1_68' title='bbox 880 522 1034 552; x_wconf 81' lang='lat' dir='ltr'>dixerunt.</span> <span class='ocrx_word' id='word_1_69' title='bbox 1088 523 1239 552; x_wconf 79' lang='lat' dir='ltr'>Tentoria</span> <span class='ocrx_word' id='word_1_70' title='bbox 1264 527 1319 552; x_wconf 84' lang='lat' dir='ltr'>aut</span> <span class='ocrx_word' id='word_1_71' title='bbox 1345 532 1385 551; x_wconf 79' lang='lat' dir='ltr'>ex</span> <span class='ocrx_word' id='word_1_72' title='bbox 1414 522 1545 562; x_wconf 87' lang='lat' dir='ltr'>pellibus</span> <span class='ocrx_word' id='word_1_73' title='bbox 1573 527 1627 552; x_wconf 84' lang='lat' dir='ltr'>aut</span> <span class='ocrx_word' id='word_1_74' title='bbox 1652 532 1693 553; x_wconf 82' lang='lat' dir='ltr'>ex</span> <span class='ocrx_word' id='word_1_75' title='bbox 1709 532 1810 562; x_wconf 86' lang='lat' dir='ltr'>panno</span> <span class='ocrx_word' id='word_1_76' title='bbox 1839 522 1971 561; x_wconf 86' lang='lat' dir='ltr'>pilorum</span> 
     </span>
     <span class='ocr_line' id='line_1_8' title="bbox 188 583 1969 624; baseline 0 -10"><span class='ocrx_word' id='word_1_77' title='bbox 188 585 407 616; x_wconf 81' lang='lat' dir='ltr'>caineliuoruni</span> <span class='ocrx_word' id='word_1_78' title='bbox 441 585 525 615; x_wconf 78' lang='lat' dir='ltr'>fucta</span> <span class='ocrx_word' id='word_1_79' title='bbox 554 590 639 615; x_wconf 75' lang='lat' dir='ltr'>sunt.</span> <span class='ocrx_word' id='word_1_80' title='bbox 692 586 748 615; x_wconf 81' lang='lat' dir='ltr'>illa</span> <span class='ocrx_word' id='word_1_81' title='bbox 783 594 895 614; x_wconf 86' lang='lat' dir='ltr'>nomen</span> <span class='ocrx_word' id='word_1_82' title='bbox 930 594 977 614; x_wconf 66' lang='grc' dir='ltr'><strong>ω</strong></span> <span class='ocrx_word' id='word_1_83' title='bbox 1011 584 1094 615; x_wconf 80' lang='lat' dir='ltr'>cons.</span> <span class='ocrx_word' id='word_1_84' title='bbox 1123 585 1255 614; x_wconf 82' lang='lat' dir='ltr'>Hamas.</span> <span class='ocrx_word' id='word_1_85' title='bbox 1284 595 1312 624; x_wconf 86' lang='lat' dir='ltr'>p.</span> <span class='ocrx_word' id='word_1_86' title='bbox 1339 585 1406 621; x_wconf 63' lang='lat' dir='ltr'>‘1‘th</span> <span class='ocrx_word' id='word_1_87' title='bbox 1436 585 1514 614; x_wconf 75' lang='lat' dir='ltr'>haec</span> <span class='ocrx_word' id='word_1_88' title='bbox 1548 595 1661 615; x_wconf 90' lang='lat' dir='ltr'>nomen</span> <span class='ocrx_word' id='word_1_89' title='bbox 1698 583 1779 622; x_wconf 51' lang='lat' dir='ltr'>‘Le-&#39;⁵</span> <span class='ocrx_word' id='word_1_90' title='bbox 1816 584 1969 614; x_wconf 76' lang='lat' dir='ltr'>habuisse</span> 
     </span>
     <span class='ocr_line' id='line_1_9' title="bbox 189 646 1971 687; baseline -0.001 -9"><span class='ocrx_word' id='word_1_91' title='bbox 189 649 336 679; x_wconf 76' lang='lat' dir='ltr'>videntur</span> <span class='ocrx_word' id='word_1_92' title='bbox 374 650 499 687; x_wconf 83' lang='lat' dir='ltr'>(eous.</span> <span class='ocrx_word' id='word_1_93' title='bbox 526 649 632 679; x_wconf 56' lang='lat' dir='ltr'>&#39;famil</span> <span class='ocrx_word' id='word_1_94' title='bbox 663 649 771 679; x_wconf 81' lang='lat' dir='ltr'>Moall.</span> <span class='ocrx_word' id='word_1_95' title='bbox 800 658 833 680; x_wconf 82' lang='lat' dir='ltr'>v.</span> <span class='ocrx_word' id='word_1_96' title='bbox 861 649 906 678; x_wconf 82' lang='lat'>52</span> <span class='ocrx_word' id='word_1_97' title='bbox 937 654 969 677; x_wconf 83' lang='lat' dir='ltr'>et</span> <span class='ocrx_word' id='word_1_98' title='bbox 996 648 1052 678; x_wconf 73' lang='lat'>58.</span> <span class='ocrx_word' id='word_1_99' title='bbox 1081 647 1211 685; x_wconf 68' lang='lat' dir='ltr'>schum.</span> <span class='ocrx_word' id='word_1_100' title='bbox 1264 648 1298 676; x_wconf 89' lang='lat' dir='ltr'>In</span> <span class='ocrx_word' id='word_1_101' title='bbox 1324 646 1473 676; x_wconf 75' lang='lat' dir='ltr'>inferiore</span> <span class='ocrx_word' id='word_1_102' title='bbox 1501 652 1590 686; x_wconf 86' lang='lat' dir='ltr'>parte</span> <span class='ocrx_word' id='word_1_103' title='bbox 1617 646 1730 676; x_wconf 87' lang='lat' dir='ltr'>lacinia</span> <span class='ocrx_word' id='word_1_104' title='bbox 1764 651 1833 676; x_wconf 88' lang='lat' dir='ltr'>erat</span> <span class='ocrx_word' id='word_1_105' title='bbox 1870 656 1971 685; x_wconf 86' lang='lat' dir='ltr'>usque</span> 
     </span>
     <span class='ocr_line' id='line_1_10' title="bbox 190 707 1972 755; baseline -0.002 -13"><span class='ocrx_word' id='word_1_106' title='bbox 190 711 230 741; x_wconf 78' lang='lat' dir='ltr'>ad</span> <span class='ocrx_word' id='word_1_107' title='bbox 258 718 374 742; x_wconf 86' lang='lat' dir='ltr'>terram</span> <span class='ocrx_word' id='word_1_108' title='bbox 402 714 601 753; x_wconf 57' lang='lat' dir='ltr'>pertingens¹</span> <span class='ocrx_word' id='word_1_109' title='bbox 630 722 712 752; x_wconf 80' lang='lat' dir='ltr'>quae</span> <span class='ocrx_word' id='word_1_110' title='bbox 740 711 812 742; x_wconf 83' lang='lat' dir='ltr'>sune</span> <span class='ocrx_word' id='word_1_111' title='bbox 835 707 902 755; x_wconf 61' lang='lat' dir='ltr'>,Lol</span> <span class='ocrx_word' id='word_1_112' title='bbox 931 710 1089 749; x_wconf 79' lang='lat' dir='ltr'>appellato</span> <span class='ocrx_word' id='word_1_113' title='bbox 1119 709 1331 750; x_wconf 86' lang='lat' dir='ltr'>adligabatur.</span> <span class='ocrx_word' id='word_1_114' title='bbox 1384 709 1424 738; x_wconf 68' lang='lat' dir='ltr'>Ut</span> <span class='ocrx_word' id='word_1_115' title='bbox 1452 718 1532 747; x_wconf 86' lang='lat' dir='ltr'>aqua</span> <span class='ocrx_word' id='word_1_116' title='bbox 1559 709 1687 748; x_wconf 81' lang='lat' dir='ltr'>pluviae</span> <span class='ocrx_word' id='word_1_117' title='bbox 1713 719 1732 739; x_wconf 87' lang='lat' dir='ltr'>a</span> <span class='ocrx_word' id='word_1_118' title='bbox 1759 709 1893 739; x_wconf 84' lang='lat' dir='ltr'>tentorio</span> <span class='ocrx_word' id='word_1_119' title='bbox 1919 717 1972 738; x_wconf 87' lang='lat' dir='ltr'>re-</span> 
     </span>
     <span class='ocr_line' id='line_1_11' title="bbox 187 771 1972 815; baseline -0.001 -12"><span class='ocrx_word' id='word_1_120' title='bbox 187 781 383 815; x_wconf 59' lang='lat' dir='ltr'>moveretur,</span> <span class='ocrx_word' id='word_1_121' title='bbox 411 775 499 805; x_wconf 79' lang='lat' dir='ltr'>fossa</span> <span class='ocrx_word' id='word_1_122' title='bbox 526 785 626 815; x_wconf 82' lang='lat' dir='ltr'>parva</span> <span class='ocrx_word' id='word_1_123' title='bbox 652 776 716 815; x_wconf 49' lang='grc' dir='ltr'>ῥυ·</span> <span class='ocrx_word' id='word_1_124' title='bbox 744 774 900 814; x_wconf 87' lang='lat' dir='ltr'>appellata</span> <span class='ocrx_word' id='word_1_125' title='bbox 929 772 1155 804; x_wconf 87' lang='lat' dir='ltr'>circumdatum</span> <span class='ocrx_word' id='word_1_126' title='bbox 1183 776 1251 802; x_wconf 88' lang='lat' dir='ltr'>erat</span> <span class='ocrx_word' id='word_1_127' title='bbox 1279 771 1401 809; x_wconf 85' lang='lat' dir='ltr'>(conf.</span> <span class='ocrx_word' id='word_1_128' title='bbox 1429 771 1553 802; x_wconf 85' lang='lat' dir='ltr'>Sohair.</span> <span class='ocrx_word' id='word_1_129' title='bbox 1583 771 1690 801; x_wconf 77' lang='lat' dir='ltr'>Moall.</span> <span class='ocrx_word' id='word_1_130' title='bbox 1719 781 1750 800; x_wconf 85' lang='lat' dir='ltr'>v.</span> <span class='ocrx_word' id='word_1_131' title='bbox 1767 771 1830 811; x_wconf 86' lang='lat'>5.).</span> <span class='ocrx_word' id='word_1_132' title='bbox 1859 771 1972 801; x_wconf 83' lang='lat' dir='ltr'>Rimae</span> 
     </span>
    </p>
   </div>
   <div class='ocr_carea' id='block_1_3' title="bbox 186 834 1718 877">
    <p class='ocr_par' dir='ltr' id='par_1_3' title="bbox 186 834 1718 877">
     <span class='ocr_line' id='line_1_12' title="bbox 186 834 1718 877; baseline -0.002 -11"><span class='ocrx_word' id='word_1_133' title='bbox 186 841 293 866; x_wconf 83' lang='lat' dir='ltr'>autem</span> <span class='ocrx_word' id='word_1_134' title='bbox 319 838 443 868; x_wconf 87' lang='lat' dir='ltr'>tentorii</span> <span class='ocrx_word' id='word_1_135' title='bbox 470 837 568 867; x_wconf 85' lang='lat' dir='ltr'>herba</span> <span class='ocrx_word' id='word_1_136' title='bbox 597 836 678 869; x_wconf 56' lang='lat' dir='ltr'>‘ek-3</span> <span class='ocrx_word' id='word_1_137' title='bbox 704 838 864 877; x_wconf 87' lang='lat' dir='ltr'>appellata</span> <span class='ocrx_word' id='word_1_138' title='bbox 891 835 1118 866; x_wconf 87' lang='lat' dir='ltr'>obturabantur</span> <span class='ocrx_word' id='word_1_139' title='bbox 1145 834 1268 873; x_wconf 86' lang='lat' dir='ltr'>(conf.</span> <span class='ocrx_word' id='word_1_140' title='bbox 1296 834 1405 864; x_wconf 85' lang='lat' dir='ltr'>Lebid.</span> <span class='ocrx_word' id='word_1_141' title='bbox 1433 835 1541 865; x_wconf 82' lang='lat' dir='ltr'>Moall.</span> <span class='ocrx_word' id='word_1_142' title='bbox 1571 844 1601 863; x_wconf 85' lang='lat' dir='ltr'>v.</span> <span class='ocrx_word' id='word_1_143' title='bbox 1636 834 1718 873; x_wconf 59' lang='lat' dir='ltr'>tr).</span> 
     </span>
    </p>
   </div>
   <div class='ocr_carea' id='block_1_4' title="bbox 190 933 1510 971">
    <p class='ocr_par' dir='ltr' id='par_1_4' title="bbox 190 933 1510 971">
     <span class='ocr_line' id='line_1_13' title="bbox 190 933 1510 971; baseline -0.002 -8"><span class='ocrx_word' id='word_1_144' title='bbox 190 933 243 963; x_wconf 80' lang='lat'>10.</span> <span class='ocrx_word' id='word_1_145' title='bbox 266 933 321 962; x_wconf 60' lang='lat' dir='ltr'>§Ie</span> <span class='ocrx_word' id='word_1_146' title='bbox 342 936 463 962; x_wconf 79' lang='lat' dir='ltr'>inrem&#39;s</span> <span class='ocrx_word' id='word_1_147' title='bbox 485 935 628 963; x_wconf 73' lang='lat' dir='ltr'>manibus</span> <span class='ocrx_word' id='word_1_148' title='bbox 651 937 785 971; x_wconf 75' lang='lat' dir='ltr'>sayillas</span> <span class='ocrx_word' id='word_1_149' title='bbox 807 944 894 963; x_wconf 77' lang='lat' dir='ltr'>meas</span> <span class='ocrx_word' id='word_1_150' title='bbox 918 934 1027 962; x_wconf 76' lang='lat' dir='ltr'>let-iter</span> <span class='ocrx_word' id='word_1_151' title='bbox 1048 936 1217 962; x_wconf 69' lang='lat' dir='ltr'>mot-entem</span> <span class='ocrx_word' id='word_1_152' title='bbox 1240 935 1297 961; x_wconf 78' lang='lat' dir='ltr'>aut</span> <span class='ocrx_word' id='word_1_153' title='bbox 1313 934 1510 970; x_wconf 74' lang='lat' dir='ltr'>pereqritms.</span> 
     </span>
    </p>
   </div>
   <div class='ocr_carea' id='block_1_5' title="bbox 184 1001 1973 1359">
    <p class='ocr_par' dir='ltr' id='par_1_5' title="bbox 184 1001 1973 1359">
     <span class='ocr_line' id='line_1_14' title="bbox 286 1001 1971 1044; baseline -0.001 -12"><span class='ocrx_word' id='word_1_154' title='bbox 286 1003 332 1033; x_wconf 88' lang='lat' dir='ltr'>Se</span> <span class='ocrx_word' id='word_1_155' title='bbox 360 1003 433 1033; x_wconf 91' lang='lat' dir='ltr'>ludo</span> <span class='ocrx_word' id='word_1_156' title='bbox 460 1004 651 1044; x_wconf 82' lang='lat' dir='ltr'>sagittarum</span> <span class='ocrx_word' id='word_1_157' title='bbox 684 1004 819 1033; x_wconf 86' lang='lat' dir='ltr'>deditum</span> <span class='ocrx_word' id='word_1_158' title='bbox 854 1013 955 1042; x_wconf 85' lang='lat' dir='ltr'>eoque</span> <span class='ocrx_word' id='word_1_159' title='bbox 987 1013 1058 1033; x_wconf 92' lang='lat' dir='ltr'>cum</span> <span class='ocrx_word' id='word_1_160' title='bbox 1085 1002 1191 1032; x_wconf 87' lang='lat' dir='ltr'>studio</span> <span class='ocrx_word' id='word_1_161' title='bbox 1218 1007 1405 1042; x_wconf 86' lang='lat' dir='ltr'>occupatum</span> <span class='ocrx_word' id='word_1_162' title='bbox 1432 1002 1593 1032; x_wconf 63' lang='lat' dir='ltr'>describit⁴</span> <span class='ocrx_word' id='word_1_163' title='bbox 1647 1002 1705 1032; x_wconf 83' lang='lat' dir='ltr'>Isti</span> <span class='ocrx_word' id='word_1_164' title='bbox 1731 1001 1805 1035; x_wconf 78' lang='lat' dir='ltr'>ludo</span> <span class='ocrx_word' id='word_1_165' title='bbox 1833 1001 1971 1032; x_wconf 83' lang='lat' dir='ltr'>deditum</span> 
     </span>
     <span class='ocr_line' id='line_1_15' title="bbox 186 1065 1973 1106; baseline 0.001 -13"><span class='ocrx_word' id='word_1_166' title='bbox 186 1074 262 1094; x_wconf 85' lang='lat' dir='ltr'>esse</span> <span class='ocrx_word' id='word_1_167' title='bbox 290 1065 372 1095; x_wconf 85' lang='lat' dir='ltr'>laudi</span> <span class='ocrx_word' id='word_1_168' title='bbox 400 1071 480 1106; x_wconf 81' lang='lat' dir='ltr'>erat,</span> <span class='ocrx_word' id='word_1_169' title='bbox 508 1067 538 1095; x_wconf 92' lang='lat' dir='ltr'>in</span> <span class='ocrx_word' id='word_1_170' title='bbox 567 1066 638 1096; x_wconf 89' lang='lat' dir='ltr'>ludo</span> <span class='ocrx_word' id='word_1_171' title='bbox 667 1067 847 1106; x_wconf 75' lang='lat' dir='ltr'>participem</span> <span class='ocrx_word' id='word_1_172' title='bbox 875 1076 936 1095; x_wconf 88' lang='lat' dir='ltr'>non</span> <span class='ocrx_word' id='word_1_173' title='bbox 963 1076 1039 1096; x_wconf 87' lang='lat' dir='ltr'>esse</span> <span class='ocrx_word' id='word_1_174' title='bbox 1066 1066 1303 1104; x_wconf 83' lang='lat' dir='ltr'><strong>vituperationi.</strong></span> <span class='ocrx_word' id='word_1_175' title='bbox 1332 1065 1380 1095; x_wconf 91' lang='lat' dir='ltr'>De</span> <span class='ocrx_word' id='word_1_176' title='bbox 1397 1065 1470 1094; x_wconf 87' lang='lat' dir='ltr'>ludo</span> <span class='ocrx_word' id='word_1_177' title='bbox 1486 1066 1546 1095; x_wconf 87' lang='lat' dir='ltr'>isto</span> <span class='ocrx_word' id='word_1_178' title='bbox 1565 1067 1625 1095; x_wconf 85' lang='lat' dir='ltr'>iam</span> <span class='ocrx_word' id='word_1_179' title='bbox 1652 1070 1747 1096; x_wconf 86' lang='lat' dir='ltr'>antea</span> <span class='ocrx_word' id='word_1_180' title='bbox 1772 1075 1875 1095; x_wconf 87' lang='lat' dir='ltr'>sermo</span> <span class='ocrx_word' id='word_1_181' title='bbox 1903 1070 1973 1095; x_wconf 88' lang='lat' dir='ltr'>erat</span> 
     </span>
     <span class='ocr_line' id='line_1_16' title="bbox 189 1127 1968 1170; baseline 0 -13"><span class='ocrx_word' id='word_1_182' title='bbox 189 1127 298 1158; x_wconf 84' lang='lat' dir='ltr'>cons.</span> <span class='ocrx_word' id='word_1_183' title='bbox 316 1129 411 1158; x_wconf 85' lang='lat' dir='ltr'>Ham.</span> <span class='ocrx_word' id='word_1_184' title='bbox 428 1139 457 1168; x_wconf 89' lang='lat' dir='ltr'>p.</span> <span class='ocrx_word' id='word_1_185' title='bbox 477 1131 534 1159; x_wconf 44' lang='grc' dir='ltr'>ΜΕ</span> <span class='ocrx_word' id='word_1_186' title='bbox 563 1130 722 1160; x_wconf 82' lang='lat' dir='ltr'>Celeritas</span> <span class='ocrx_word' id='word_1_187' title='bbox 742 1134 846 1159; x_wconf 71' lang='lat' dir='ltr'>autem</span> <span class='ocrx_word' id='word_1_188' title='bbox 864 1130 893 1159; x_wconf 93' lang='lat' dir='ltr'>in</span> <span class='ocrx_word' id='word_1_189' title='bbox 908 1130 1074 1159; x_wconf 87' lang='lat' dir='ltr'>movendis</span> <span class='ocrx_word' id='word_1_190' title='bbox 1095 1129 1225 1170; x_wconf 81' lang='lat' dir='ltr'>sagittis</span> <span class='ocrx_word' id='word_1_191' title='bbox 1247 1131 1279 1158; x_wconf 80' lang='lat' dir='ltr'>et</span> <span class='ocrx_word' id='word_1_192' title='bbox 1295 1138 1388 1157; x_wconf 85' lang='lat' dir='ltr'>usum</span> <span class='ocrx_word' id='word_1_193' title='bbox 1417 1132 1448 1157; x_wconf 87' lang='lat' dir='ltr'>et</span> <span class='ocrx_word' id='word_1_194' title='bbox 1474 1128 1614 1157; x_wconf 85' lang='lat' dir='ltr'>studium</span> <span class='ocrx_word' id='word_1_195' title='bbox 1642 1127 1825 1169; x_wconf 83' lang='lat' dir='ltr'>significare</span> <span class='ocrx_word' id='word_1_196' title='bbox 1848 1134 1968 1168; x_wconf 89' lang='lat' dir='ltr'>potest.</span> 
     </span>
     <span class='ocr_line' id='line_1_17' title="bbox 187 1190 1971 1232; baseline 0 -12"><span class='ocrx_word' id='word_1_197' title='bbox 187 1190 244 1220; x_wconf 85' lang='lat' dir='ltr'>111a</span> <span class='ocrx_word' id='word_1_198' title='bbox 280 1191 426 1222; x_wconf 78' lang='lat' dir='ltr'>celeritas</span> <span class='ocrx_word' id='word_1_199' title='bbox 462 1194 492 1222; x_wconf 93' lang='lat' dir='ltr'>in</span> <span class='ocrx_word' id='word_1_200' title='bbox 527 1192 670 1222; x_wconf 63' lang='lat' dir='ltr'>Antan-ae</span> <span class='ocrx_word' id='word_1_201' title='bbox 708 1192 817 1222; x_wconf 83' lang='lat' dir='ltr'>Moall.</span> <span class='ocrx_word' id='word_1_202' title='bbox 845 1202 876 1224; x_wconf 86' lang='lat' dir='ltr'>v.</span> <span class='ocrx_word' id='word_1_203' title='bbox 906 1193 963 1222; x_wconf 75' lang='lat'>52.</span> <span class='ocrx_word' id='word_1_204' title='bbox 999 1191 1153 1222; x_wconf 87' lang='lat' dir='ltr'>laudatur.</span> <span class='ocrx_word' id='word_1_205' title='bbox 1206 1191 1297 1220; x_wconf 75' lang='lat' dir='ltr'>Voce</span> <span class='ocrx_word' id='word_1_206' title='bbox 1330 1192 1430 1232; x_wconf 39' lang='lat' dir='ltr'>&amp;ab</span> <span class='ocrx_word' id='word_1_207' title='bbox 1464 1191 1667 1231; x_wconf 87' lang='lat' dir='ltr'>peregrinum</span> <span class='ocrx_word' id='word_1_208' title='bbox 1703 1191 1884 1232; x_wconf 85' lang='lat' dir='ltr'>designant.</span> <span class='ocrx_word' id='word_1_209' title='bbox 1937 1192 1971 1220; x_wconf 88' lang='lat' dir='ltr'>ln</span> 
     </span>
     <span class='ocr_line' id='line_1_18' title="bbox 185 1253 1970 1297; baseline -0.002 -12"><span class='ocrx_word' id='word_1_210' title='bbox 185 1265 282 1286; x_wconf 82' lang='lat' dir='ltr'>versu</span> <span class='ocrx_word' id='word_1_211' title='bbox 310 1263 420 1286; x_wconf 78' lang='lat' dir='ltr'>nostro</span> <span class='ocrx_word' id='word_1_212' title='bbox 448 1257 599 1297; x_wconf 78' lang='lat' dir='ltr'>sagittam</span> <span class='ocrx_word' id='word_1_213' title='bbox 627 1256 803 1297; x_wconf 83' lang='lat' dir='ltr'>significari</span> <span class='ocrx_word' id='word_1_214' title='bbox 831 1256 949 1296; x_wconf 84' lang='lat' dir='ltr'>dicunt,</span> <span class='ocrx_word' id='word_1_215' title='bbox 975 1264 1055 1294; x_wconf 84' lang='lat' dir='ltr'>quae</span> <span class='ocrx_word' id='word_1_216' title='bbox 1083 1254 1120 1284; x_wconf 86' lang='lat' dir='ltr'>ab</span> <span class='ocrx_word' id='word_1_217' title='bbox 1149 1253 1209 1283; x_wconf 90' lang='lat' dir='ltr'>alio</span> <span class='ocrx_word' id='word_1_218' title='bbox 1237 1253 1372 1293; x_wconf 86' lang='lat' dir='ltr'>quodam</span> <span class='ocrx_word' id='word_1_219' title='bbox 1402 1258 1511 1283; x_wconf 87' lang='lat' dir='ltr'>mutuo</span> <span class='ocrx_word' id='word_1_220' title='bbox 1538 1258 1674 1292; x_wconf 88' lang='lat' dir='ltr'>accepta</span> <span class='ocrx_word' id='word_1_221' title='bbox 1693 1254 1970 1293; x_wconf 80' lang='lat' dir='ltr'>circumvertatur‚</span> 
     </span>
     <span class='ocr_line' id='line_1_19' title="bbox 184 1313 1968 1359; baseline -0.001 -12"><span class='ocrx_word' id='word_1_222' title='bbox 184 1323 218 1348; x_wconf 89' lang='lat' dir='ltr'>ut</span> <span class='ocrx_word' id='word_1_223' title='bbox 246 1319 362 1348; x_wconf 89' lang='lat' dir='ltr'>laetam</span> <span class='ocrx_word' id='word_1_224' title='bbox 390 1319 543 1349; x_wconf 85' lang='lat' dir='ltr'>fortunam</span> <span class='ocrx_word' id='word_1_225' title='bbox 571 1318 718 1349; x_wconf 79' lang='lat' dir='ltr'>adducat.</span> <span class='ocrx_word' id='word_1_226' title='bbox 773 1318 835 1348; x_wconf 80' lang='lat' dir='ltr'>Alii</span> <span class='ocrx_word' id='word_1_227' title='bbox 863 1318 993 1357; x_wconf 83' lang='lat' dir='ltr'>dicunt,</span> <span class='ocrx_word' id='word_1_228' title='bbox 1022 1326 1102 1346; x_wconf 78' lang='lat' dir='ltr'>voce</span> <span class='ocrx_word' id='word_1_229' title='bbox 1128 1313 1256 1359; x_wconf 49' lang='lat' dir='ltr'>foul</span> <span class='ocrx_word' id='word_1_230' title='bbox 1283 1317 1437 1356; x_wconf 87' lang='lat' dir='ltr'>sagittam</span> <span class='ocrx_word' id='word_1_231' title='bbox 1465 1316 1653 1357; x_wconf 82' lang='lat' dir='ltr'>significari,</span> <span class='ocrx_word' id='word_1_232' title='bbox 1681 1326 1763 1355; x_wconf 81' lang='lat' dir='ltr'>quae</span> <span class='ocrx_word' id='word_1_233' title='bbox 1791 1326 1832 1346; x_wconf 87' lang='lat' dir='ltr'>ex</span> <span class='ocrx_word' id='word_1_234' title='bbox 1859 1316 1968 1346; x_wconf 86' lang='lat' dir='ltr'>eadem</span> 
     </span>
    </p>
   </div>
   <div class='ocr_carea' id='block_1_6' title="bbox 1388 1380 1971 1428">
    <p class='ocr_par' dir='ltr' id='par_1_6' title="bbox 1388 1380 1971 1428">
     <span class='ocr_line' id='line_1_20' title="bbox 1388 1380 1971 1428; baseline 0.002 -19"><span class='ocrx_word' id='word_1_235' title='bbox 1388 1381 1441 1428; x_wconf 54' lang='grc' dir='ltr'>ζμ·</span> <span class='ocrx_word' id='word_1_236' title='bbox 1468 1380 1551 1410; x_wconf 81' lang='lat' dir='ltr'>facta</span> <span class='ocrx_word' id='word_1_237' title='bbox 1578 1390 1639 1410; x_wconf 91' lang='lat' dir='ltr'>non</span> <span class='ocrx_word' id='word_1_238' title='bbox 1667 1384 1728 1410; x_wconf 86' lang='lat' dir='ltr'>est.</span> <span class='ocrx_word' id='word_1_239' title='bbox 1764 1380 1869 1410; x_wconf 84' lang='lat' dir='ltr'>Alium</span> <span class='ocrx_word' id='word_1_240' title='bbox 1889 1389 1971 1420; x_wconf 91' lang='lat' dir='ltr'>quo-</span> 
     </span>
    </p>
   </div>
   <div class='ocr_carea' id='block_1_7' title="bbox 183 1442 1970 1486">
    <p class='ocr_par' dir='ltr' id='par_1_7' title="bbox 183 1442 1970 1486">
     <span class='ocr_line' id='line_1_21' title="bbox 183 1442 1970 1486; baseline -0.002 -10"><span class='ocrx_word' id='word_1_241' title='bbox 183 1455 246 1486; x_wconf 89' lang='lat' dir='ltr'>que</span> <span class='ocrx_word' id='word_1_242' title='bbox 274 1446 466 1476; x_wconf 82' lang='lat' dir='ltr'>scholiastes</span> <span class='ocrx_word' id='word_1_243' title='bbox 493 1445 718 1484; x_wconf 87' lang='lat' dir='ltr'>interpretandi</span> <span class='ocrx_word' id='word_1_244' title='bbox 747 1444 870 1474; x_wconf 88' lang='lat' dir='ltr'>modum</span> <span class='ocrx_word' id='word_1_245' title='bbox 898 1443 1053 1483; x_wconf 87' lang='lat' dir='ltr'>proponit.</span> <span class='ocrx_word' id='word_1_246' title='bbox 1104 1442 1285 1482; x_wconf 80' lang='lat' dir='ltr'>Significari</span> <span class='ocrx_word' id='word_1_247' title='bbox 1315 1442 1476 1483; x_wconf 85' lang='lat' dir='ltr'>peregrini</span> <span class='ocrx_word' id='word_1_248' title='bbox 1510 1442 1686 1483; x_wconf 78' lang='lat' dir='ltr'>sagittam,</span> <span class='ocrx_word' id='word_1_249' title='bbox 1725 1443 1770 1473; x_wconf 82' lang='lat' dir='ltr'>ita</span> <span class='ocrx_word' id='word_1_250' title='bbox 1804 1448 1839 1473; x_wconf 93' lang='lat' dir='ltr'>ut</span> <span class='ocrx_word' id='word_1_251' title='bbox 1875 1446 1970 1481; x_wconf 84' lang='lat' dir='ltr'>poeta</span> 
     </span>
    </p>
   </div>
   <div class='ocr_carea' id='block_1_8' title="bbox 183 1504 1965 1548">
    <p class='ocr_par' dir='ltr' id='par_1_8' title="bbox 183 1504 1965 1548">
     <span class='ocr_line' id='line_1_22' title="bbox 183 1504 1965 1548; baseline -0.004 -8"><span class='ocrx_word' id='word_1_252' title='bbox 183 1519 240 1548; x_wconf 85' lang='lat' dir='ltr'>pro</span> <span class='ocrx_word' id='word_1_253' title='bbox 268 1519 306 1539; x_wconf 92' lang='lat' dir='ltr'>eo</span> <span class='ocrx_word' id='word_1_254' title='bbox 333 1509 445 1539; x_wconf 88' lang='lat' dir='ltr'>ludens</span> <span class='ocrx_word' id='word_1_255' title='bbox 473 1513 534 1538; x_wconf 88' lang='lat' dir='ltr'>tam</span> <span class='ocrx_word' id='word_1_256' title='bbox 563 1509 702 1538; x_wconf 86' lang='lat' dir='ltr'>debitum</span> <span class='ocrx_word' id='word_1_257' title='bbox 730 1508 918 1537; x_wconf 78' lang='lat' dir='ltr'>solvendum</span> <span class='ocrx_word' id='word_1_258' title='bbox 948 1508 977 1537; x_wconf 90' lang='lat' dir='ltr'>in</span> <span class='ocrx_word' id='word_1_259' title='bbox 1006 1515 1041 1535; x_wconf 84' lang='lat' dir='ltr'>se</span> <span class='ocrx_word' id='word_1_260' title='bbox 1067 1506 1234 1545; x_wconf 64' lang='lat' dir='ltr'>suscipiat,</span> <span class='ocrx_word' id='word_1_261' title='bbox 1262 1515 1352 1544; x_wconf 83' lang='lat' dir='ltr'>quain</span> <span class='ocrx_word' id='word_1_262' title='bbox 1379 1506 1566 1546; x_wconf 66' lang='lat' dir='ltr'>portionem,</span> <span class='ocrx_word' id='word_1_263' title='bbox 1597 1515 1658 1544; x_wconf 85' lang='lat' dir='ltr'>qua</span> <span class='ocrx_word' id='word_1_264' title='bbox 1686 1515 1742 1545; x_wconf 89' lang='lat' dir='ltr'>pro</span> <span class='ocrx_word' id='word_1_265' title='bbox 1771 1514 1808 1535; x_wconf 88' lang='lat' dir='ltr'>eo</span> <span class='ocrx_word' id='word_1_266' title='bbox 1835 1505 1866 1534; x_wconf 87' lang='lat' dir='ltr'>in</span> <span class='ocrx_word' id='word_1_267' title='bbox 1892 1504 1965 1535; x_wconf 90' lang='lat' dir='ltr'>ludo</span> 
     </span>
    </p>
   </div>
   <div class='ocr_carea' id='block_1_9' title="bbox 185 1379 1361 1422">
    <p class='ocr_par' dir='ltr' id='par_1_9' title="bbox 185 1379 1361 1422">
     <span class='ocr_line' id='line_1_23' title="bbox 185 1379 1361 1422; baseline -0.001 -12"><span class='ocrx_word' id='word_1_268' title='bbox 185 1381 297 1411; x_wconf 84' lang='lat' dir='ltr'>arbore</span> <span class='ocrx_word' id='word_1_269' title='bbox 325 1381 408 1411; x_wconf 80' lang='lat' dir='ltr'>facta</span> <span class='ocrx_word' id='word_1_270' title='bbox 437 1391 499 1411; x_wconf 93' lang='lat' dir='ltr'>non</span> <span class='ocrx_word' id='word_1_271' title='bbox 525 1382 567 1411; x_wconf 89' lang='lat' dir='ltr'>sit</span> <span class='ocrx_word' id='word_1_272' title='bbox 592 1392 643 1411; x_wconf 79' lang='lat' dir='ltr'>ex.</span> <span class='ocrx_word' id='word_1_273' title='bbox 672 1392 720 1422; x_wconf 87' lang='lat' dir='ltr'>gr.</span> <span class='ocrx_word' id='word_1_274' title='bbox 748 1383 777 1411; x_wconf 90' lang='lat' dir='ltr'>si</span> <span class='ocrx_word' id='word_1_275' title='bbox 805 1381 885 1411; x_wconf 86' lang='lat' dir='ltr'>haee</span> <span class='ocrx_word' id='word_1_276' title='bbox 911 1381 1033 1420; x_wconf 83' lang='lat' dir='ltr'>sagitta</span> <span class='ocrx_word' id='word_1_277' title='bbox 1059 1390 1099 1409; x_wconf 80' lang='lat' dir='ltr'>ex</span> <span class='ocrx_word' id='word_1_278' title='bbox 1128 1379 1211 1418; x_wconf 83' lang='lat' dir='ltr'>ligno</span> <span class='ocrx_word' id='word_1_279' title='bbox 1239 1379 1361 1409; x_wconf 84' lang='lat' dir='ltr'>arboris</span> 
     </span>
    </p>
   </div>
   <div class='ocr_carea' id='block_1_10' title="bbox 183 1569 1969 1798">
    <p class='ocr_par' dir='ltr' id='par_1_10' title="bbox 183 1569 1969 1798">
     <span class='ocr_line' id='line_1_24' title="bbox 186 1569 1969 1611; baseline -0.002 -11"><span class='ocrx_word' id='word_1_280' title='bbox 186 1571 338 1611; x_wconf 72' lang='lat' dir='ltr'>potiatur,</span> <span class='ocrx_word' id='word_1_281' title='bbox 364 1577 462 1601; x_wconf 82' lang='lat' dir='ltr'>totam</span> <span class='ocrx_word' id='word_1_282' title='bbox 487 1571 515 1600; x_wconf 87' lang='lat' dir='ltr'>ei</span> <span class='ocrx_word' id='word_1_283' title='bbox 544 1571 708 1600; x_wconf 81' lang='lat' dir='ltr'>concedat.</span> <span class='ocrx_word' id='word_1_284' title='bbox 760 1571 902 1600; x_wconf 82' lang='lat' dir='ltr'>Similem</span> <span class='ocrx_word' id='word_1_285' title='bbox 930 1579 1061 1599; x_wconf 84' lang='lat' dir='ltr'>sensum</span> <span class='ocrx_word' id='word_1_286' title='bbox 1089 1574 1183 1608; x_wconf 86' lang='lat' dir='ltr'>poeta</span> <span class='ocrx_word' id='word_1_287' title='bbox 1210 1570 1317 1598; x_wconf 76' lang='lat' dir='ltr'>verbis</span> <span class='ocrx_word' id='word_1_288' title='bbox 1344 1570 1552 1608; x_wconf 82' lang='lat' dir='ltr'>sequentibus</span> <span class='ocrx_word' id='word_1_289' title='bbox 1582 1571 1743 1608; x_wconf 80' lang='lat' dir='ltr'>expressit</span> <span class='ocrx_word' id='word_1_290' title='bbox 1771 1569 1879 1607; x_wconf 84' lang='lat' dir='ltr'>(metr.</span> <span class='ocrx_word' id='word_1_291' title='bbox 1903 1569 1969 1598; x_wconf 87' lang='lat' dir='ltr'>Ba-</span> 
     </span>
     <span class='ocr_line' id='line_1_25' title="bbox 185 1632 1966 1672; baseline -0.002 -8"><span class='ocrx_word' id='word_1_292' title='bbox 185 1633 289 1670; x_wconf 61' lang='lat' dir='ltr'>siun:</span> <span class='ocrx_word' id='word_1_293' title='bbox 325 1634 486 1664; x_wconf 77' lang='lat' dir='ltr'>Merum</span> <span class='ocrx_word' id='word_1_294' title='bbox 514 1633 771 1663; x_wconf 89' lang='lat' dir='ltr'>ludentibus</span> <span class='ocrx_word' id='word_1_295' title='bbox 798 1633 1040 1672; x_wconf 85' lang='lat' dir='ltr'>portionem</span> <span class='ocrx_word' id='word_1_296' title='bbox 1071 1642 1198 1662; x_wconf 86' lang='lat' dir='ltr'>meam</span> <span class='ocrx_word' id='word_1_297' title='bbox 1227 1638 1350 1662; x_wconf 87' lang='lat' dir='ltr'>totam</span> <span class='ocrx_word' id='word_1_298' title='bbox 1379 1632 1426 1661; x_wconf 91' lang='lat' dir='ltr'>do</span> <span class='ocrx_word' id='word_1_299' title='bbox 1454 1637 1494 1662; x_wconf 87' lang='lat' dir='ltr'>et</span> <span class='ocrx_word' id='word_1_300' title='bbox 1520 1632 1713 1671; x_wconf 89' lang='lat' dir='ltr'>reliquas</span> <span class='ocrx_word' id='word_1_301' title='bbox 1741 1633 1966 1671; x_wconf 87' lang='lat' dir='ltr'>portiones</span> 
     </span>
     <span class='ocr_line' id='line_1_26' title="bbox 185 1694 1964 1735; baseline -0.001 -11"><span class='ocrx_word' id='word_1_302' title='bbox 185 1698 321 1724; x_wconf 80' lang='lat' dir='ltr'>emtas</span> <span class='ocrx_word' id='word_1_303' title='bbox 351 1695 403 1724; x_wconf 87' lang='lat' dir='ltr'>iis</span> <span class='ocrx_word' id='word_1_304' title='bbox 431 1695 477 1723; x_wconf 87' lang='lat' dir='ltr'>do</span> <span class='ocrx_word' id='word_1_305' title='bbox 505 1699 542 1723; x_wconf 88' lang='lat' dir='ltr'>et</span> <span class='ocrx_word' id='word_1_306' title='bbox 568 1694 798 1724; x_wconf 85' lang='lat' dir='ltr'>scutellam</span> <span class='ocrx_word' id='word_1_307' title='bbox 826 1694 1010 1723; x_wconf 88' lang='lat' dir='ltr'>obsonio</span> <span class='ocrx_word' id='word_1_308' title='bbox 1037 1695 1196 1727; x_wconf 81' lang='lat' dir='ltr'>vestio.</span> <span class='ocrx_word' id='word_1_309' title='bbox 1225 1696 1319 1735; x_wconf 74' lang='lat' dir='ltr'>Sunt,</span> <span class='ocrx_word' id='word_1_310' title='bbox 1348 1698 1398 1734; x_wconf 89' lang='lat' dir='ltr'>qui</span> <span class='ocrx_word' id='word_1_311' title='bbox 1414 1696 1522 1725; x_wconf 83' lang='lat' dir='ltr'>verbis</span> <span class='ocrx_word' id='word_1_312' title='bbox 1542 1696 1624 1725; x_wconf 91' lang='lat' dir='ltr'>hunc</span> <span class='ocrx_word' id='word_1_313' title='bbox 1652 1705 1781 1725; x_wconf 84' lang='lat' dir='ltr'>sensum</span> <span class='ocrx_word' id='word_1_314' title='bbox 1810 1695 1964 1725; x_wconf 86' lang='lat' dir='ltr'>tribuant:</span> 
     </span>
     <span class='ocr_line' id='line_1_27' title="bbox 183 1756 1969 1798; baseline -0.001 -12"><span class='ocrx_word' id='word_1_315' title='bbox 183 1758 318 1796; x_wconf 83' lang='lat' dir='ltr'>Sagittis</span> <span class='ocrx_word' id='word_1_316' title='bbox 345 1756 418 1786; x_wconf 87' lang='lat' dir='ltr'>ludo</span> <span class='ocrx_word' id='word_1_317' title='bbox 446 1763 509 1787; x_wconf 84' lang='lat' dir='ltr'>tam</span> <span class='ocrx_word' id='word_1_318' title='bbox 538 1758 589 1798; x_wconf 78' lang='lat' dir='ltr'>iis,</span> <span class='ocrx_word' id='word_1_319' title='bbox 619 1766 700 1796; x_wconf 83' lang='lat' dir='ltr'>quas</span> <span class='ocrx_word' id='word_1_320' title='bbox 728 1762 883 1796; x_wconf 84' lang='lat' dir='ltr'>expertus</span> <span class='ocrx_word' id='word_1_321' title='bbox 914 1766 979 1786; x_wconf 89' lang='lat' dir='ltr'>sum</span> <span class='ocrx_word' id='word_1_322' title='bbox 1007 1766 1098 1795; x_wconf 84' lang='lat' dir='ltr'>quarn</span> <span class='ocrx_word' id='word_1_323' title='bbox 1127 1757 1187 1795; x_wconf 80' lang='lat' dir='ltr'>iis,</span> <span class='ocrx_word' id='word_1_324' title='bbox 1214 1766 1293 1796; x_wconf 84' lang='lat' dir='ltr'>quas</span> <span class='ocrx_word' id='word_1_325' title='bbox 1322 1762 1476 1795; x_wconf 80' lang='lat' dir='ltr'>expertus</span> <span class='ocrx_word' id='word_1_326' title='bbox 1504 1767 1565 1786; x_wconf 91' lang='lat' dir='ltr'>non</span> <span class='ocrx_word' id='word_1_327' title='bbox 1591 1767 1673 1796; x_wconf 84' lang='lat' dir='ltr'>sum,</span> <span class='ocrx_word' id='word_1_328' title='bbox 1701 1760 1805 1786; x_wconf 85' lang='lat' dir='ltr'>inuluo</span> <span class='ocrx_word' id='word_1_329' title='bbox 1834 1757 1872 1786; x_wconf 87' lang='lat' dir='ltr'>ab</span> <span class='ocrx_word' id='word_1_330' title='bbox 1899 1756 1969 1786; x_wconf 89' lang='lat' dir='ltr'>aliis</span> 
     </span>
    </p>
   </div>
   <div class='ocr_carea' id='block_1_11' title="bbox 185 1818 1967 1867">
    <p class='ocr_par' dir='ltr' id='par_1_11' title="bbox 185 1818 1967 1867">
     <span class='ocr_line' id='line_1_28' title="bbox 185 1818 1967 1867; baseline -0.001 -19"><span class='ocrx_word' id='word_1_331' title='bbox 185 1822 346 1860; x_wconf 77' lang='lat' dir='ltr'>acceptis,</span> <span class='ocrx_word' id='word_1_332' title='bbox 373 1829 481 1849; x_wconf 89' lang='lat' dir='ltr'>amore</span> <span class='ocrx_word' id='word_1_333' title='bbox 509 1819 707 1849; x_wconf 82' lang='lat' dir='ltr'>liberalitatis</span> <span class='ocrx_word' id='word_1_334' title='bbox 735 1820 861 1850; x_wconf 72' lang='lat' dir='ltr'>ductus.</span> <span class='ocrx_word' id='word_1_335' title='bbox 916 1819 978 1856; x_wconf 81' lang='lat' dir='ltr'>Qui</span> <span class='ocrx_word' id='word_1_336' title='bbox 1006 1822 1110 1849; x_wconf 79' lang='lat' dir='ltr'>aulem</span> <span class='ocrx_word' id='word_1_337' title='bbox 1137 1826 1276 1867; x_wconf 44' lang='lat' dir='ltr'>ffifisssm</span> <span class='ocrx_word' id='word_1_338' title='bbox 1302 1819 1432 1860; x_wconf 68' lang='lat' dir='ltr'>legunt,</span> <span class='ocrx_word' id='word_1_339' title='bbox 1460 1829 1541 1849; x_wconf 78' lang='lat' dir='ltr'>voce</span> <span class='ocrx_word' id='word_1_340' title='bbox 1571 1820 1725 1859; x_wconf 73' lang='lat' dir='ltr'>amicum,</span> <span class='ocrx_word' id='word_1_341' title='bbox 1752 1828 1814 1859; x_wconf 91' lang='lat' dir='ltr'>quo</span> <span class='ocrx_word' id='word_1_342' title='bbox 1842 1818 1967 1848; x_wconf 87' lang='lat' dir='ltr'>nomine</span> 
     </span>
    </p>
   </div>
   <div class='ocr_carea' id='block_1_12' title="bbox 188 1883 1971 1940">
    <p class='ocr_par' dir='ltr' id='par_1_12' title="bbox 188 1883 1971 1940">
     <span class='ocr_line' id='line_1_29' title="bbox 188 1883 1971 1940; baseline 0 -19"><span class='ocrx_word' id='word_1_343' title='bbox 188 1892 326 1933; x_wconf 86' lang='lat' dir='ltr'>gladium</span> <span class='ocrx_word' id='word_1_344' title='bbox 354 1894 505 1932; x_wconf 79' lang='lat' dir='ltr'>appellet⁷</span> <span class='ocrx_word' id='word_1_345' title='bbox 533 1894 707 1935; x_wconf 76' lang='lat' dir='ltr'>significari</span> <span class='ocrx_word' id='word_1_346' title='bbox 734 1898 852 1934; x_wconf 83' lang='lat' dir='ltr'>putant.</span> <span class='ocrx_word' id='word_1_347' title='bbox 882 1895 914 1923; x_wconf 85' lang='lat' dir='ltr'>ln</span> <span class='ocrx_word' id='word_1_348' title='bbox 935 1893 1043 1924; x_wconf 80' lang='lat' dir='ltr'>codice</span> <span class='ocrx_word' id='word_1_349' title='bbox 1062 1894 1155 1923; x_wconf 79' lang='lat' dir='ltr'>&#39;l&#39;ebr.</span> <span class='ocrx_word' id='word_1_350' title='bbox 1177 1894 1256 1924; x_wconf 84' lang='lat' dir='ltr'>alter</span> <span class='ocrx_word' id='word_1_351' title='bbox 1276 1894 1403 1935; x_wconf 87' lang='lat' dir='ltr'>legendi</span> <span class='ocrx_word' id='word_1_352' title='bbox 1431 1894 1543 1924; x_wconf 84' lang='lat' dir='ltr'>modus</span> <span class='ocrx_word' id='word_1_353' title='bbox 1570 1895 1686 1940; x_wconf 47' lang='lat' dir='ltr'>05&gt;ek3</span> <span class='ocrx_word' id='word_1_354' title='bbox 1698 1883 1761 1940; x_wconf 38' lang='lat'>&amp;51</span> <span class='ocrx_word' id='word_1_355' title='bbox 1775 1890 1883 1934; x_wconf 40' lang='lat' dir='ltr'>25„le</span> <span class='ocrx_word' id='word_1_356' title='bbox 1899 1895 1971 1934; x_wconf 54' lang='lat'>&amp;3⁸9</span> 
     </span>
    </p>
   </div>
   <div class='ocr_carea' id='block_1_13' title="bbox 188 1955 1624 1998">
    <p class='ocr_par' dir='ltr' id='par_1_13' title="bbox 188 1955 1624 1998">
     <span class='ocr_line' id='line_1_30' title="bbox 188 1955 1624 1998; baseline 0.001 -13"><span class='ocrx_word' id='word_1_357' title='bbox 188 1956 315 1986; x_wconf 76' lang='lat' dir='ltr'>»Movit</span> <span class='ocrx_word' id='word_1_358' title='bbox 339 1955 512 1986; x_wconf 79' lang='lat' dir='ltr'>liberalitas</span> <span class='ocrx_word' id='word_1_359' title='bbox 539 1967 594 1996; x_wconf 79' lang='lat' dir='ltr'>per</span> <span class='ocrx_word' id='word_1_360' title='bbox 622 1958 705 1986; x_wconf 90' lang='lat' dir='ltr'>laete</span> <span class='ocrx_word' id='word_1_361' title='bbox 732 1956 942 1987; x_wconf 85' lang='lat' dir='ltr'>abundantem</span> <span class='ocrx_word' id='word_1_362' title='bbox 969 1956 1158 1997; x_wconf 87' lang='lat' dir='ltr'>(camelam)</span> <span class='ocrx_word' id='word_1_363' title='bbox 1187 1967 1287 1988; x_wconf 89' lang='lat' dir='ltr'>meam</span> <span class='ocrx_word' id='word_1_364' title='bbox 1315 1959 1465 1998; x_wconf 87' lang='lat' dir='ltr'>sagittam</span> <span class='ocrx_word' id='word_1_365' title='bbox 1493 1966 1624 1987; x_wconf 80' lang='lat' dir='ltr'>meani.u</span> 
     </span>
    </p>
   </div>
   <div class='ocr_carea' id='block_1_14' title="bbox 181 2053 1965 2294">
    <p class='ocr_par' dir='ltr' id='par_1_14' title="bbox 182 2053 1158 2091">
     <span class='ocr_line' id='line_1_31' title="bbox 182 2053 1158 2091; baseline 0.001 -9"><span class='ocrx_word' id='word_1_366' title='bbox 182 2053 232 2082; x_wconf 82' lang='lat'>11.</span> <span class='ocrx_word' id='word_1_367' title='bbox 255 2053 302 2082; x_wconf 84' lang='lat' dir='ltr'>Et</span> <span class='ocrx_word' id='word_1_368' title='bbox 323 2055 384 2082; x_wconf 72' lang='lat' dir='ltr'>ima</span> <span class='ocrx_word' id='word_1_369' title='bbox 405 2054 448 2082; x_wconf 82' lang='lat' dir='ltr'>ad</span> <span class='ocrx_word' id='word_1_370' title='bbox 464 2053 602 2090; x_wconf 75' lang='lat' dir='ltr'>puellam</span> <span class='ocrx_word' id='word_1_371' title='bbox 625 2055 791 2082; x_wconf 77' lang='lat' dir='ltr'>tentorium</span> <span class='ocrx_word' id='word_1_372' title='bbox 814 2055 932 2082; x_wconf 82' lang='lat' dir='ltr'>intrari</span> <span class='ocrx_word' id='word_1_373' title='bbox 951 2054 1000 2082; x_wconf 82' lang='lat' dir='ltr'>die</span> <span class='ocrx_word' id='word_1_374' title='bbox 1017 2054 1158 2091; x_wconf 69' lang='lat' dir='ltr'>pluviali,</span> 
     </span>
    </p>

    <p class='ocr_par' dir='ltr' id='par_1_15' title="bbox 181 2122 1965 2294">
     <span class='ocr_line' id='line_1_32' title="bbox 280 2122 1964 2164; baseline -0.001 -12"><span class='ocrx_word' id='word_1_375' title='bbox 280 2123 407 2153; x_wconf 80' lang='lat' dir='ltr'>Transit</span> <span class='ocrx_word' id='word_1_376' title='bbox 438 2123 476 2152; x_wconf 87' lang='lat' dir='ltr'>ad</span> <span class='ocrx_word' id='word_1_377' title='bbox 504 2122 743 2153; x_wconf 84' lang='lat' dir='ltr'>describendam</span> <span class='ocrx_word' id='word_1_378' title='bbox 771 2123 868 2153; x_wconf 89' lang='lat' dir='ltr'>vitam</span> <span class='ocrx_word' id='word_1_379' title='bbox 897 2123 1043 2164; x_wconf 80' lang='lat' dir='ltr'>mollem,</span> <span class='ocrx_word' id='word_1_380' title='bbox 1070 2133 1131 2163; x_wconf 89' lang='lat' dir='ltr'>qua</span> <span class='ocrx_word' id='word_1_381' title='bbox 1156 2129 1300 2163; x_wconf 88' lang='lat' dir='ltr'>tempore</span> <span class='ocrx_word' id='word_1_382' title='bbox 1326 2125 1387 2154; x_wconf 88' lang='lat' dir='ltr'>illis</span> <span class='ocrx_word' id='word_1_383' title='bbox 1416 2125 1512 2154; x_wconf 88' lang='lat' dir='ltr'>rebus</span> <span class='ocrx_word' id='word_1_384' title='bbox 1537 2129 1612 2164; x_wconf 92' lang='lat' dir='ltr'>apto</span> <span class='ocrx_word' id='word_1_385' title='bbox 1639 2123 1771 2154; x_wconf 80' lang='lat' dir='ltr'>fruatur.</span> <span class='ocrx_word' id='word_1_386' title='bbox 1809 2122 1964 2153; x_wconf 86' lang='lat' dir='ltr'>Pluvialis</span> 
     </span>
     <span class='ocr_line' id='line_1_33' title="bbox 182 2184 1965 2228; baseline -0.001 -13"><span class='ocrx_word' id='word_1_387' title='bbox 182 2185 265 2216; x_wconf 88' lang='lat' dir='ltr'>enim</span> <span class='ocrx_word' id='word_1_388' title='bbox 298 2184 368 2215; x_wconf 85' lang='lat' dir='ltr'>dies</span> <span class='ocrx_word' id='word_1_389' title='bbox 401 2184 548 2214; x_wconf 86' lang='lat' dir='ltr'>venando</span> <span class='ocrx_word' id='word_1_390' title='bbox 578 2190 633 2215; x_wconf 89' lang='lat' dir='ltr'>aut</span> <span class='ocrx_word' id='word_1_391' title='bbox 659 2185 729 2215; x_wconf 87' lang='lat' dir='ltr'>aliis</span> <span class='ocrx_word' id='word_1_392' title='bbox 762 2185 1023 2224; x_wconf 85' lang='lat' dir='ltr'>occupationibus</span> <span class='ocrx_word' id='word_1_393' title='bbox 1058 2196 1119 2216; x_wconf 93' lang='lat' dir='ltr'>non</span> <span class='ocrx_word' id='word_1_394' title='bbox 1153 2187 1310 2216; x_wconf 77' lang='lat' dir='ltr'>convenit.</span> <span class='ocrx_word' id='word_1_395' title='bbox 1364 2188 1504 2226; x_wconf 86' lang='lat' dir='ltr'>Tempus</span> <span class='ocrx_word' id='word_1_396' title='bbox 1540 2188 1638 2228; x_wconf 85' lang='lat' dir='ltr'>igitur</span> <span class='ocrx_word' id='word_1_397' title='bbox 1675 2188 1756 2216; x_wconf 91' lang='lat' dir='ltr'>inter</span> <span class='ocrx_word' id='word_1_398' title='bbox 1787 2185 1904 2215; x_wconf 87' lang='lat' dir='ltr'>serium</span> <span class='ocrx_word' id='word_1_399' title='bbox 1933 2189 1965 2213; x_wconf 91' lang='lat' dir='ltr'>et</span> 
     </span>
     <span class='ocr_line' id='line_1_34' title="bbox 181 2247 1963 2294; baseline -0.002 -16"><span class='ocrx_word' id='word_1_400' title='bbox 181 2249 285 2278; x_wconf 85' lang='lat' dir='ltr'>iocum</span> <span class='ocrx_word' id='word_1_401' title='bbox 312 2247 481 2277; x_wconf 88' lang='lat' dir='ltr'>distribuit.</span> <span class='ocrx_word' id='word_1_402' title='bbox 533 2247 626 2277; x_wconf 77' lang='lat' dir='ltr'>Voce</span> <span class='ocrx_word' id='word_1_403' title='bbox 642 2249 730 2294; x_wconf 50' lang='lat' dir='ltr'>y&gt;⁵</span> <span class='ocrx_word' id='word_1_404' title='bbox 756 2258 794 2278; x_wconf 91' lang='lat' dir='ltr'>ea</span> <span class='ocrx_word' id='word_1_405' title='bbox 821 2258 896 2288; x_wconf 90' lang='lat' dir='ltr'>pars</span> <span class='ocrx_word' id='word_1_406' title='bbox 923 2248 1051 2278; x_wconf 91' lang='lat' dir='ltr'>tentorii</span> <span class='ocrx_word' id='word_1_407' title='bbox 1083 2247 1290 2289; x_wconf 84' lang='lat' dir='ltr'>designatur,</span> <span class='ocrx_word' id='word_1_408' title='bbox 1326 2249 1356 2278; x_wconf 91' lang='lat' dir='ltr'>in</span> <span class='ocrx_word' id='word_1_409' title='bbox 1383 2258 1443 2288; x_wconf 90' lang='lat' dir='ltr'>qua</span> <span class='ocrx_word' id='word_1_410' title='bbox 1469 2250 1620 2279; x_wconf 90' lang='lat' dir='ltr'>mulieres</span> <span class='ocrx_word' id='word_1_411' title='bbox 1645 2248 1719 2278; x_wconf 82' lang='lat' dir='ltr'>velo</span> <span class='ocrx_word' id='word_1_412' title='bbox 1749 2247 1879 2277; x_wconf 89' lang='lat' dir='ltr'>obtento</span> <span class='ocrx_word' id='word_1_413' title='bbox 1906 2254 1963 2275; x_wconf 86' lang='lat' dir='ltr'>se-</span> 
     </span>
    </p>
   </div>
   <div class='ocr_carea' id='block_1_15' title="bbox 180 2309 1965 2490">
    <p class='ocr_par' dir='ltr' id='par_1_16' title="bbox 180 2309 1965 2490">
     <span class='ocr_line' id='line_1_35' title="bbox 183 2309 1015 2350; baseline 0.001 -11"><span class='ocrx_word' id='word_1_414' title='bbox 183 2313 315 2350; x_wconf 83' lang='lat' dir='ltr'>paratae</span> <span class='ocrx_word' id='word_1_415' title='bbox 342 2311 458 2339; x_wconf 83' lang='lat' dir='ltr'>vivunt</span> <span class='ocrx_word' id='word_1_416' title='bbox 483 2309 581 2339; x_wconf 81' lang='lat' dir='ltr'>conf.</span> <span class='ocrx_word' id='word_1_417' title='bbox 608 2310 745 2341; x_wconf 84' lang='lat' dir='ltr'>Tarafae</span> <span class='ocrx_word' id='word_1_418' title='bbox 763 2311 872 2343; x_wconf 82' lang='lat' dir='ltr'>Moall.</span> <span class='ocrx_word' id='word_1_419' title='bbox 899 2322 931 2341; x_wconf 72' lang='grc' dir='ltr'>ν.</span> <span class='ocrx_word' id='word_1_420' title='bbox 959 2312 1015 2341; x_wconf 78' lang='grc'>58.</span> 
     </span>
     <span class='ocr_line' id='line_1_36' title="bbox 180 2390 1965 2435; baseline -0.001 -14"><span class='ocrx_word' id='word_1_421' title='bbox 180 2392 233 2422; x_wconf 77' lang='lat'>12.</span> <span class='ocrx_word' id='word_1_422' title='bbox 255 2391 493 2422; x_wconf 75' lang='lat' dir='ltr'>Sororianlihus</span> <span class='ocrx_word' id='word_1_423' title='bbox 515 2396 658 2423; x_wconf 70' lang='lat' dir='ltr'>mammis</span> <span class='ocrx_word' id='word_1_424' title='bbox 677 2396 862 2433; x_wconf 77' lang='lat' dir='ltr'>praeditam,</span> <span class='ocrx_word' id='word_1_425' title='bbox 884 2396 1061 2434; x_wconf 75' lang='lat' dir='ltr'>pulchram,</span> <span class='ocrx_word' id='word_1_426' title='bbox 1087 2406 1168 2435; x_wconf 80' lang='lat' dir='ltr'>quae</span> <span class='ocrx_word' id='word_1_427' title='bbox 1188 2397 1326 2426; x_wconf 76' lang='lat' dir='ltr'>vestibus</span> <span class='ocrx_word' id='word_1_428' title='bbox 1347 2396 1451 2433; x_wconf 73' lang='lat' dir='ltr'>lonqis</span> <span class='ocrx_word' id='word_1_429' title='bbox 1473 2405 1489 2424; x_wconf 84' lang='lat' dir='ltr'>e</span> <span class='ocrx_word' id='word_1_430' title='bbox 1508 2404 1615 2433; x_wconf 79' lang='lat' dir='ltr'>panno</span> <span class='ocrx_word' id='word_1_431' title='bbox 1630 2395 1829 2423; x_wconf 76' lang='lat' dir='ltr'>Damascena</span> <span class='ocrx_word' id='word_1_432' title='bbox 1846 2390 1965 2429; x_wconf 79' lang='lat' dir='ltr'>(serico</span> 
     </span>
     <span class='ocr_line' id='line_1_37' title="bbox 729 2448 1414 2490; baseline 0.004 -13"><span class='ocrx_word' id='word_1_433' title='bbox 729 2448 817 2486; x_wconf 82' lang='lat' dir='ltr'>albo)</span> <span class='ocrx_word' id='word_1_434' title='bbox 839 2453 872 2479; x_wconf 84' lang='lat' dir='ltr'>et</span> <span class='ocrx_word' id='word_1_435' title='bbox 890 2452 992 2480; x_wconf 81' lang='lat' dir='ltr'>serico</span> <span class='ocrx_word' id='word_1_436' title='bbox 1015 2452 1165 2490; x_wconf 76' lang='lat' dir='ltr'>confectis</span> <span class='ocrx_word' id='word_1_437' title='bbox 1187 2454 1270 2480; x_wconf 82' lang='lat' dir='ltr'>lecta</span> <span class='ocrx_word' id='word_1_438' title='bbox 1291 2451 1414 2481; x_wconf 75' lang='lat' dir='ltr'>incedit.</span> 
     </span>
    </p>
   </div>
   <div class='ocr_carea' id='block_1_16' title="bbox 181 2503 1963 2623">
    <p class='ocr_par' dir='ltr' id='par_1_17' title="bbox 181 2503 1963 2623">
     <span class='ocr_line' id='line_1_38' title="bbox 277 2503 1961 2559; baseline -0.002 -13"><span class='ocrx_word' id='word_1_439' title='bbox 277 2515 375 2545; x_wconf 74' lang='lat' dir='ltr'>Istam</span> <span class='ocrx_word' id='word_1_440' title='bbox 389 2516 523 2555; x_wconf 87' lang='lat' dir='ltr'>puellam</span> <span class='ocrx_word' id='word_1_441' title='bbox 549 2521 694 2555; x_wconf 79' lang='lat' dir='ltr'>tanquam</span> <span class='ocrx_word' id='word_1_442' title='bbox 722 2518 903 2559; x_wconf 81' lang='lat' dir='ltr'>iuvencam,</span> <span class='ocrx_word' id='word_1_443' title='bbox 931 2503 1093 2559; x_wconf 82' lang='lat' dir='ltr'>pulchram</span> <span class='ocrx_word' id='word_1_444' title='bbox 1119 2525 1153 2551; x_wconf 85' lang='lat' dir='ltr'>et</span> <span class='ocrx_word' id='word_1_445' title='bbox 1179 2520 1323 2550; x_wconf 83' lang='lat' dir='ltr'>vestibus</span> <span class='ocrx_word' id='word_1_446' title='bbox 1350 2518 1524 2559; x_wconf 84' lang='lat' dir='ltr'>splendidis</span> <span class='ocrx_word' id='word_1_447' title='bbox 1544 2517 1713 2558; x_wconf 85' lang='lat' dir='ltr'>longisque</span> <span class='ocrx_word' id='word_1_448' title='bbox 1740 2511 1802 2553; x_wconf 73' lang='lat' dir='ltr'>ss)-</span> <span class='ocrx_word' id='word_1_449' title='bbox 1827 2510 1961 2550; x_wconf 67' lang='grc'><strong>266.)</strong></span> 
     </span>
     <span class='ocr_line' id='line_1_39' title="bbox 181 2576 1963 2623; baseline 0 -17"><span class='ocrx_word' id='word_1_450' title='bbox 181 2579 296 2607; x_wconf 80' lang='lat' dir='ltr'>tectam</span> <span class='ocrx_word' id='word_1_451' title='bbox 321 2576 481 2608; x_wconf 87' lang='lat' dir='ltr'>describit.</span> <span class='ocrx_word' id='word_1_452' title='bbox 532 2579 583 2609; x_wconf 80' lang='lat' dir='ltr'>Ex</span> <span class='ocrx_word' id='word_1_453' title='bbox 609 2578 709 2609; x_wconf 89' lang='lat' dir='ltr'>hacce</span> <span class='ocrx_word' id='word_1_454' title='bbox 735 2578 950 2620; x_wconf 84' lang='lat' dir='ltr'>descriptione</span> <span class='ocrx_word' id='word_1_455' title='bbox 976 2585 1082 2612; x_wconf 81' lang='lat' dir='ltr'>autem</span> <span class='ocrx_word' id='word_1_456' title='bbox 1109 2582 1334 2623; x_wconf 82' lang='lat' dir='ltr'>cognoscimus</span> <span class='ocrx_word' id='word_1_457' title='bbox 1361 2585 1486 2620; x_wconf 82' lang='lat' dir='ltr'>poetam</span> <span class='ocrx_word' id='word_1_458' title='bbox 1510 2589 1571 2609; x_wconf 85' lang='lat' dir='ltr'>nou</span> <span class='ocrx_word' id='word_1_459' title='bbox 1599 2579 1700 2610; x_wconf 83' lang='lat' dir='ltr'>fuisse</span> <span class='ocrx_word' id='word_1_460' title='bbox 1716 2578 1854 2609; x_wconf 82' lang='lat' dir='ltr'>Arabem</span> <span class='ocrx_word' id='word_1_461' title='bbox 1872 2585 1963 2607; x_wconf 82' lang='lat' dir='ltr'>cam-</span> 
     </span>
    </p>
   </div>
  </div>
 </body>
</html>
