2247 2865
992 99 1262 129 —522—

221 199 254 229 3.
282 199 328 228 Et
347 207 443 237 quum
463 207 515 226 eos
536 199 675 227 assecuti
694 205 853 231 essemus‚·
881 198 911 224 el
932 205 984 224 eos
1006 197 1041 223 in
1061 198 1161 232 capite
1182 197 1342 225 demersos
1365 196 1470 224 oculos
1492 195 1658 230 habentes,
1682 197 1786 224 instar
1807 204 1940 224 arcuum
1962 197 2010 223 te-

835 259 924 285 nues,
947 250 990 278 ad
1008 253 1132 286 yentem
1154 253 1404 286 reportat-erant,

320 338 385 367 Iam
411 338 522 377 incipit
546 336 655 377 pugna
682 332 911 370 describenda,
945 330 1018 360 dum
1044 331 1131 371 longi
1158 331 1281 362 itineris
1308 334 1493 363 mentionem
1522 333 1618 373 facit,
1653 342 1715 373 quo
1743 332 1784 362 ad
1818 332 1908 372 ipsos
1935 341 2011 371 per-

222 400 376 430 venerint.
431 401 539 430 Verba
574 400 635 436 «AB,
664 402 725 427 etc.
763 395 955 425 sententiam
990 394 1205 424 intermediam
1244 394 1401 433 efficiunt,
1443 405 1503 435 qua
1534 401 1641 426 status
1673 395 1811 426 hostium
1848 395 2012 425 indicatur.

222 462 422 493 Scholiastes
450 462 570 491 formae
597 460 688 489 verbi
714 455 790 496 0²3³
817 456 978 486 secundae
1005 456 1239 485 intransitivam
1268 456 1532 497 significationem
1559 458 1681 496 (elatus
1709 458 1785 497 fuit)
1822 457 1948 497 tribuit,
1982 459 2014 488 ni

223 523 327 563 fallor,
356 523 602 563 praepositionis
628 532 662 557 ᾳ
690 529 751 550 usu
778 518 948 555 adductuS,
976 518 1068 547 cuius
1097 527 1157 556 ope
1184 520 1284 549 verba
1305 519 1509 549 intransitiva
1527 521 1728 550 transitivam
1748 519 2014 560 significationem

225 585 384 624 accipiunt
411 583 539 622 (Gi-am.
567 584 673 613 Ar.'l¹.
695 583 719 611 1.
747 592 777 621 p.
800 581 869 611 470
889 581 970 620 sq),
999 579 1069 609 dum
1099 580 1366 618 praepositionem
1394 580 1426 616 gl
1455 591 1472 610 e
1494 582 1593 611 verbo
1620 582 1738 611 omisso
1767 582 1908 625 (fg-1⁴32)
1933 590 2014 620 pen-

224 647 299 677 dere
326 647 461 686 putavit.
516 647 605 676 Hanc
633 650 739 675 autem
766 642 1056 684 significationem,
1095 651 1175 681 quae
1203 652 1221 672 a
1251 643 1489 685 lexicographis
1512 645 1662 674 adnotata
1688 653 1749 673 non
1777 648 1837 682 est,
1863 644 2013 673 versibus

224 709 432 749 sequentibus
461 709 595 748 probare
623 708 746 738 studuit
773 707 881 746 (metr.
910 705 1044 741 Sarih‘):
1084 704 1110 734 Ο
1148 714 1260 743 quam
1298 707 1465 736 satiata
1502 707 1578 737 suit
1608 707 1763 745 (aqua)
1804 705 1965 746 frigida
1996 715 2014 733 e

224 774 356 810 puteo
394 780 491 800 sese
530 770 762 807 efferente3
800 773 876 798 tam
919 767 1138 797 abundans
1179 772 1287 806 erat,
1325 771 1365 797 ut
1401 777 1538 807 paene
1575 768 1868 798 effunderetur.
1928 767 2015 797 Dixit

224 829 492 864 Amru-l'Kaisus
520 834 628 871 (metr-
659 831 825 871 'l'hawssJz
863 830 1024 871 Stagna
1063 829 1246 870 viridia,
1285 839 1449 868 quorum
1487 840 1601 870 aqua
1637 831 1753 860 elata
1790 835 1853 859 est
1889 830 2014 869 (conf.

226 896 352 926 Diwan.
382 891 615 926 Amru-l’Kaisi
644 905 673 934 p.
699 893 762 932 ἡ).
816 894 866 922 Ex
893 893 1046 931 exemplis
1075 891 1220 921 adductis
1247 891 1377 922 formam
1406 895 1535 932 primam
1563 894 1643 923 illam
1671 893 1937 934 siguificationem
1956 892 2016 922 ha-

226 959 337 989 buisse
363 958 521 995 videmus,
550 968 611 987 non
639 958 712 986 item
741 956 923 986 secundam.
962 955 1096 993 Propius
1124 953 1163 983 ad
1190 964 1254 983 rem
1280 956 1468 984 Mersukius
1496 956 1636 986 accessit
1663 956 1795 994 dicens,
1821 956 2017 995 participium

226 1018 323 1060 vai-35.»
349 1021 378 1050 in
406 1021 496 1059 equis
524 1020 664 1060 longis
692 1018 869 1058 pedibus
898 1017 1108 1056 praeditis
1136 1017 1287 1047 adhiberi.
1324 1018 1399 1047 Post
1419 1028 1497 1048 vero
1517 1019 1719 1049 transitivam
1745 1019 1835 1048 verbi
1861 1015 2018 1057 »ῥυ-αὖ.»

227 1084 406 1114 sustulit
433 1088 593 1113 vestem
622 1092 733 1113 suam
760 1081 1050 1123 significationem
1069 1086 1142 1110 aute
1160 1081 1270 1111 oculos
1287 1081 1408 1110 habens
1423 1081 1508 1118 dicit,
1536 1090 1662 1113 sensum
1685 1090 1782 1111 esse:
1803 1069 2018 1125 Adigo?

229 1134 306 1192 635
335 1143 367 1181 35
396 1147 504 1189 01⁴³>
534 1157 607 1185 „gg
637 1146 734 1177 2225>
760 1144 866 1176 thss'.
918 1144 991 1173 Non
1027 1149 1133 1173 autem
1161 1144 1328 1174 Mersukio
1356 1143 1542 1181 adsentior,
1577 1144 1629 1183 qui
1656 1153 1739 1173 voce
1766 1153 1866 1184 φορ
1893 1151 2020 1182 equos

228 1208 403 1250 significari
442 1209 586 1248 censuit,
625 1208 764 1238 demersi
803 1208 884 1237 enim
920 1207 949 1236 iu
978 1208 1080 1245 capite
1116 1206 1197 1236 oculi
1226 1208 1331 1245 potius
1359 1206 1487 1235 camelis
1516 1205 1670 1234 tribuendi
1697 1209 1772 1234 sunt
1804 1210 1836 1234 et
1863 1214 1904 1234 ex
1931 1204 2019 1233 initio

228 1280 344 1301 versus
374 1273 478 1310 quarti
504 1271 644 1300 camelos
672 1269 773 1300 fuisse
800 1269 1015 1309 intelligimus.
1068 1269 1142 1298 Vox
1169 1258 1274 1308 6³:⁵⁵5
1303 1273 1377 1297 ante
1405 1276 1516 1296 vocem
1536 1266 1635 1310 fb&
1664 1267 1903 1297 homoioteleuti
1921 1276 2021 1297 causa

231 1333 338 1373 posita
370 1338 431 1362 est.
494 1333 584 1362 Haec
617 1342 684 1361 vox
719 1341 789 1361 cum
825 1331 930 1360 vocali
964 1330 1067 1360 Fatha
1102 1329 1336 1369 pronuncianda
1376 1339 1503 1359 arcuum
1540 1339 1652 1359 nomeu
1674 1330 1794 1369 ‘poetis
1827 1329 1975 1359 usitatum
2002 1339 2020 1359 a

230 1398 389 1425 curvitate
417 1395 596 1425 desumtum
623 1400 697 1432 est;
726 1404 796 1423 cum
823 1393 925 1422 vocali
948 1392 1101 1422 Dhamma
1128 1392 1212 1431 ligna
1239 1392 1339 1421 sellae
1367 1392 1542 1421 camelinae
1569 1402 1669 1421 curva
1694 1391 1852 1431 designat.
1906 1391 2020 1432 Longo

232 1453 298 1494 (p.
326 1453 461 1495 295·)
500 1459 610 1487 itinere
646 1458 789 1486 emaciati
823 1456 929 1485 cameli
965 1465 1033 1485 cum
1068 1465 1128 1484 uno
1161 1460 1216 1484 aut
1251 1456 1351 1484 altero
1390 1455 1544 1484 tenuitate
1571 1449 1695 1498 :insigni
1730 1454 1902 1493 comparati
1935 1458 2020 1483 sunt.

232 1521 437 1562 Comparatio
468 1526 574 1552 autem
603 1530 663 1550 uon
691 1529 732 1549 ex
762 1519 844 1548 omni
871 1523 960 1558 parte
987 1517 1144 1557 quadrare
1172 1518 1309 1548 videtur.

232 1633 264 1662 4.
288 1631 386 1669 Apud
405 1641 457 1660 eos
478 1631 681 1667 procumbere
700 1630 837 1668 fecimus
860 1628 925 1656 illis
949 1626 1116 1664 (camelas)
1139 1627 1266 1659 similes,
1293 1628 1365 1655 dum
1385 1631 1574 1655 commenlus
1590 1630 1697 1655 nosle'r
1710 1627 1902 1656 excellentes
1922 1626 2025 1663 yladie'

896 1683 1067 1721 hastaeque
1091 1682 1248 1710 vibra-ales
1270 1686 1369 1710 erant.

332 1757 461 1786 Versus
489 1756 575 1785 initio
603 1756 764 1784 sententia
792 1762 991 1791 consequens
1020 1751 1189 1780 verborum
1218 1751 1380 1793 ,Al-Hp!
1410 1749 1464 1782 tae
1493 1752 1681 1788 continetur,
1710 1750 1782 1780 dum
1801 1750 1900 1780 verba
1928 1750 2020 1798 tm),

236 1818 350 1849 eodem
376 1819 488 1860 modo,
525 1829 585 1859 quo
623 1819 653 1847 in
687 1827 786 1847 versu
822 1816 1033 1846 antecedente
1062 1816 1160 1845 statui
1194 1815 1328 1844 subiecti
1360 1814 1570 1843 describendo
1598 1813 1786 1842 inserviunt.
1840 1813 1964 1842 Arabes
1992 1813 2022 1842 in

234 1881 350 1911 bellum
378 1882 623 1920 proficiscentes
651 1881 779 1910 camelis
808 1880 1028 1916 vehebantur,
1056 1878 1127 1907 dum
1161 1878 1250 1917 equi,
1278 1886 1316 1906 ne
1343 1882 1418 1906 ante
1446 1885 1583 1915 pugnam
1612 1875 1844 1915 fatigarentur,
1874 1875 1912 1905 ad
1941 1877 2023 1906 latus

236 1940 441 1972 ducebantur.
497 1942 599 1980 Quum
627 1941 666 1971 ad
694 1942 797 1971 locum
825 1950 953 1981 pugnae
980 1945 1169 1979 perventum
1198 1943 1298 1973 esset,
1326 1938 1455 1968 camelis
1483 1937 1771 1976 procumbentibus,
1800 1938 1885 1976 equi,
1911 1937 2023 1976 quibus

235 2004 267 2033 in
293 2014 403 2044 pugna
431 2010 616 2041 uterentur,
645 2005 880 2033 instruebantur
908 2002 1028 2040 (conf.
1057 2003 1150 2031 llam.
1180 2000 1232 2030 rm
1259 2009 1290 2028 v.
1319 1998 1380 2038 3.).
1434 1998 1633 2027 scholiastes
1661 1999 1888 2037 praepositioni
1916 1996 1948 2033 gi
1975 1999 2024 2028 si-

239 2077 477 2118 gnificationem
506 2079 751 2117 praepositionis
778 2082 847 2107 ..xi-s:
877 2078 996 2116 (apud)
1025 2077 1166 2105 tribuens
1193 2073 1338 2113 loquendi
1366 2074 1490 2102 modum
1526 2083 1606 2113 gom-3
1621 2059 1666 2108 *gl
1702 2070 1768 2100 [ΩΒ
1793 2069 1882 2116 ,50⁸³
1907 2070 1926 2101 ὅ
1964 2083 2025 2104 »ne

238 2140 394 2179 quendam
423 2140 506 2178 apud
537 2150 586 2169 mc
614 2141 657 2169 rei
685 2150 806 2179 pravae
836 2149 994 2169 accuses«
1026 2138 1269 2179 significationis
1298 2136 1480 2175 probandae
1507 2144 1604 2165 causa
1631 2135 1814 2173 adducens3
1842 2135 1900 2165 sed
1920 2135 1948 2165 in
1965 2135 2025 2165 hoc

236 2212 329 2242 quum
355 2203 419 2233 ista
446 2203 639 2244 significatio
668 2204 789 2233 minime
816 2203 1003 2233 necessaria
1031 2202 1084 2237 sit,
1112 2200 1258 2239 alterum>
1286 2208 1378 2237 quem
1399 2200 1566 2237 proposuit
1585 2198 1763 2236 explicandi
1782 2198 1907 2228 modum
1928 2208 2024 2237 prae—

238 2263 308 2294 fero
337 2264 438 2303 (conf.
467 2264 577 2296 Gram.
606 2266 660 2294 Ar.
691 2266 726 2293 Τ.
757 2266 780 2294 1.
808 2275 838 2304 p,
868 2264 979 2305 4780,
1010 2269 1045 2294 ut
1072 2263 1266 2302 praepositio
1293 2261 1326 2297 gi
1355 2271 1373 2290 e
1400 2261 1499 2290 verbo
1529 2261 1646 2290 omisso
1673 2260 1812 2300 pendere
1838 2261 2023 2300 putaverim.

238 2327 288 2356 De
321 2327 442 2356 lanceis
471 2331 563 2357 antea
599 2337 704 2356 sermo
741 2333 818 2357 erat.
873 2328 1020 2356 Lanceae
1056 2327 1217 2355 vibrantes
1253 2324 1356 2354 conf.
1392 2324 1482 2352 llam.
1513 2333 1540 2362 p.
1566 2326 1593 2352 ΓἽ
1630 2323 1768 2362 optimae
1803 2328 1897 2360 sunt,
1931 2323 2025 2363 quum

238 2389 357 2420 arundo
386 2389 457 2419 talis
485 2390 550 2429 sit,
579 2393 611 2419 ut
639 2399 699 2418 non
727 2389 897 2427 frangatur.
951 2389 1147 2417 Lancearum
1175 2387 1283 2416 talium
1311 2390 1341 2414 et
1371 2386 1555 2424 optimorum
1583 2394 1707 2424 quoque
1734 2385 1907 2425 gladiorum
1935 2394 2026 2414 men-

237 2451 351 2481 tionem
381 2450 454 2480 secit
471 2473 482 2492 7
510 2451 593 2490 quod
622 2451 814 2480 fortissimus
842 2452 973 2488 quisque
1002 2450 1091 2479 hisce
1119 2449 1211 2478 armis
1238 2448 1438 2487 potissimum
1466 2448 1571 2477 utitur.
1625 2447 1745 2477 Animis
1773 2452 1879 2476 autem
1906 2447 1935 2476 in
1963 2457 2025 2486 pu-

238 2521 333 2553 gnam
362 2514 487 2542 omnino
515 2513 643 2542 intentis
672 2516 882 2541 commeatum
910 2520 1017 2540 secum
1044 2515 1171 2549 portare
1186 2520 1223 2539 se
1238 2510 1435 2549 neglexisse,
1464 2511 1579 2550 quippe
1595 2510 1646 2549 qui
1666 2508 1847 2540 fortitudIue
1867 2509 2027 2549 armisque

240 2574 438 2604 confidentes
465 2585 502 2604 se
529 2580 708 2605 commeatu
736 2574 872 2604 hostium
900 2575 1060 2613 potituros
1088 2582 1164 2602 esse
1191 2581 1252 2601 non
1281 2571 1470 2602 dubitarent.
