2247 2865
980 84 1247 116 -383—

217 184 411 215 scholiastes
439 184 534 223 dicit3
568 184 641 215 voci
668 182 762 230 bia)
788 184 886 225 igitur
912 183 1063 215 adiectivi
1090 185 1160 216 loco
1187 189 1261 215 sunt
1323 185 1407 217 Sunt
1443 191 1570 224 autem,
1603 188 1653 226 qui
1689 198 1745 228 per
1781 191 2006 230 metonymiam

217 247 337 278 lanceis
366 249 454 278 viros
482 247 658 289 significari
684 247 812 284 dicant,
840 252 875 278 ut
902 256 1021 278 sensus
1047 247 1110 280 sit:
1140 247 1264 277 excitas
1291 248 1398 277 socios
1425 247 1529 277 hostis
1557 250 1619 278 mei
1645 255 1755 279 contra
1780 260 1831 280 me
1857 256 1889 280 et
1916 259 2006 280 meos

215 312 323 342 socios
350 312 518 352 quiescere
544 311 633 340 sinis.
687 309 884 349 Quamquam
911 310 1017 340 dicere
1043 311 1164 341 solent:
1201 309 1311 356 ¹55⁶),
1340 314 1437 358 &afim
1463 309 1534 356 Obie*
1576 311 1732 350 »Quidam
1761 312 1888 353 gladius
1915 323 2006 344 meus

215 375 392 414 lanceaque
419 378 491 403 est«
520 373 845 414 eum-significaturi,
873 382 933 412 quo
961 373 1030 412 quis
1059 372 1168 402 hostes
1197 373 1319 412 repellit
1346 379 1376 403 et
1405 379 1510 415 &zia—9
1537 377 1615 418 6⁸23
1642 371 1714 419 ΘΣΕ
1752 374 1907 412 »Quidam
1934 375 2007 416 cly-

216 445 294 475 peus
323 443 410 466 meus
439 439 535 475 est«,
573 444 644 464 eum
673 434 901 475 significaturi,
936 443 998 474 quo
1026 435 1097 474 quis
1124 434 1326 476 defenditur,
1358 442 1461 466 tamcu
1489 438 1549 467 ista
1575 436 1803 476 interpretandi
1831 437 1911 467 ratio
1937 437 2009 468 mihi

215 499 341 538 longius
378 498 477 538 petita
511 497 649 527 videtur.
703 498 777 528 Vox
802 493 904 538 &oe-[3
931 501 1054 535 autem,
1095 507 1282 538 quamquain
1320 498 1448 528 lanceae
1484 499 1607 527 nonnisi
1644 499 1788 528 manibus
1822 502 2008 539 tractantur,

215 561 383 601 superflua
409 569 470 590 non
498 565 573 599 est;
608 559 666 590 sed
694 569 822 590 sensum
848 565 948 601 auget
975 559 1161 600 significans
1189 560 1301 591 hostes
1329 562 1388 590 iam
1417 561 1445 591 in
1473 570 1512 591 eo
1538 570 1631 600 esse,
1665 566 1698 591 ut
1733 566 1859 601 poetam
1887 561 2007 591 lanceis

214 624 378 655 invadant.
431 624 506 654 Vox
533 629 639 654 autern
665 628 738 663 ἑὸς-α
764 623 794 652 ἱη
824 632 924 653 versu
961 632 1091 653 sensum
1125 622 1328 651 collectivum
1365 623 1403 651 ob
1437 632 1550 652 vocem
1582 619 1675 668 bia)
1705 623 1812 652 habet.
1863 622 1906 652 Ut
1931 626 2007 661 post

212 686 346 716 verbum
369 690 424 715 aut
450 686 642 716 antecedens
669 685 805 715 nominis
831 678 953 722 ijo-isia,
989 689 1044 714 aut
1071 689 1142 723 post
1171 681 1264 726 >iffi
1292 684 1444 714 omissum
1471 689 1522 713 est
1550 684 1708 712 wama-..t
1734 680 1770 723 ὅ,
1797 685 1846 714 sic
1874 692 2001 724 quoque

212 747 302 776 verbi
330 743 429 783 oqkss'
457 747 616 777 obiectum
645 745 775 785 (sudi
812 746 978 784 hostes)
1014 745 1118 775 deest.
1171 745 1302 785 Triplex
1339 751 1446 776 autem
1483 746 1610 787 legendi
1637 746 1751 776 modus
1782 746 1925 776 existere
1951 745 2005 775 vi-

211 809 303 839 detur
330 814 385 840 aut
412 806 511 838 ὼῑίϊ
538 809 695 848 (seciinda
723 810 899 849 pei-sona),
928 808 1000 838 dum
1027 808 1097 847 vir,
1133 817 1224 847 quem
1253 814 1349 847 poeta
1376 808 1567 849 alloquitur,
1601 818 1669 839 cum
1696 812 1791 848 poeta
1818 808 2005 838 coniunctus

212 873 374 913 cogitatur
391 894 401 913 ,
430 877 463 902 nt
492 877 608 912 poetae
636 871 740 902 hostis
767 873 868 911 ipsius
897 872 999 902 hostis
1026 871 1085 911 sit,
1113 876 1167 900 aut
1194 867 1306 908 ιλρὶίέ,
1335 871 1384 910 qui
1412 871 1539 912 legendi
1567 870 1677 901 modus
1707 871 1737 900 in
1763 870 1922 901 Mersukii
1949 878 2008 899 co-

210 934 291 964 dicis
320 936 463 977 margine
489 935 661 966 adnotatus
688 936 826 965 maxime
853 935 925 964 mihi
953 934 1058 974 placet
1086 938 1141 962 aut
1163 932 1297 971 denique
1325 930 1422 962 Qum
1453 934 1694 974 »insidiamur«,
1724 933 1777 973 qui
1811 935 1844 962 in
1871 932 2004 962 Mersu-

215 997 258 1027 kii
287 1000 378 1028 textu
404 1003 466 1029 est.
512 999 547 1028 In
574 998 711 1028 Tebrisii
740 997 851 1028 codice
877 998 1005 1038 punctis
1032 996 1263 1036 superscriptis
1291 995 1408 1036 duplex
1435 996 1562 1037 legendi
1589 995 1703 1026 modus
1729 992 1824 1033 ouis-3
1853 998 1885 1025 et
1909 990 2009 1022 Θαὶς-ι’

208 1061 363 1093 indicatus
388 1065 449 1091 est.

206 1173 239 1201 2.
261 1170 376 1202 Germia
399 1167 546 1211 (lecistis)
568 1172 713 1205 ricinum,
740 1169 886 1199 Ahbdum
903 1168 928 1196 ὸ.
947 1167 1069 1196 Hnblar
1083 1168 1214 1205 inrade;
1236 1171 1270 1197 tu
1292 1170 1375 1197 enim
1397 1172 1505 1199 rectus
1528 1178 1590 1199 non
1613 1180 1656 1206 es,
1681 1170 1746 1198 nisi
1767 1177 1863 1207 quum
1884 1168 2008 1196 vicium

955 1225 1029 1250 tuus
1051 1226 1159 1251 rectus
1183 1221 1255 1250 est!

308 1292 445 1332 Instigat
473 1296 568 1331 poeta
597 1291 725 1331 virum,
752 1295 785 1321 ut
810 1291 954 1320 iniuriam
978 1291 1082 1321 vicino
1109 1301 1169 1321 suo
1196 1292 1315 1322 illatam
1347 1291 1526 1322 ulciscatur·
1546 1294 1578 1321 et
1603 1291 1742 1321 vicinum
1769 1292 1897 1332 gentis,
1925 1299 2006 1330 quae

207 1355 349 1384 vicinum
377 1364 467 1385 suum
499 1354 642 1394 laeserit,
670 1354 812 1394 invadat,
842 1354 932 1383 cuius
961 1354 1039 1384 enlm
1066 1355 1190 1385 vicinus
1218 1359 1307 1383 recte
1334 1363 1372 1383 se
1400 1363 1462 1383 non
1490 1353 1616 1391 habeat,
1647 1362 1718 1382 eum
1745 1362 1782 1382 se
1799 1353 1902 1391 ipsum
1916 1356 2008 1382 recte

207 1427 268 1447 non
299 1418 417 1448 habere
444 1417 527 1447 dicit.
579 1417 620 1447 Ut
649 1416 807 1456 pulchram
835 1426 914 1457 erga
940 1417 1066 1446 vicinos
1094 1416 1210 1457 agendi
1244 1417 1397 1447 rationem
1424 1416 1549 1445 Arabes
1585 1415 1714 1445 laudant
1750 1414 1873 1453 (conf.
1901 1413 2001 1444 Meid.

205 1480 264 1521 23,
283 1479 394 1520 4:39.),
423 1481 469 1510 sic
495 1481 633 1510 vicinum
660 1480 902 1510 custodiendum
930 1490 1006 1510 esse
1033 1481 1141 1511 dicunt
1168 1481 1240 1511 ibid.
1256 1480 1293 1511 C.
1309 1482 1342 1518 ὃ,
1362 1481 1419 1512 99,
1445 1480 1560 1510 Dicunt
1586 1479 1852 1519 praepositionem
1877 1489 1912 1515 ῳ
1933 1486 2004 1507 eam

205 1542 244 1572 ob
272 1551 403 1572 causam
441 1551 554 1571 vocem
589 1540 682 1578 extis:
717 1541 828 1581 sequi,
866 1541 947 1580 quod
980 1543 1008 1572 ei
1034 1542 1225 1583 significatio
1252 1543 1430 1582 imperativi
1457 1536 1525 1571 ‹sk-³>
1563 1540 1687 1582 cape!
1724 1542 1776 1572 sit.
1829 1542 1864 1570 In
1897 1540 1999 1570 verbo

205 1608 327 1651 Uos-227.»
357 1606 460 1635 littera
488 1626 517 1650 ψ
543 1606 729 1635 necessaria
753 1615 814 1635 non
841 1610 903 1643 est,
930 1605 1084 1646 siquidem
1111 1606 1190 1635 haec
1217 1606 1323 1635 littera
1349 1606 1473 1635 nonnisi
1499 1605 1598 1636 verbo
1615 1631 1624 1646 ‚
1653 1604 1700 1635 cui
1728 1602 1919 1644 significatio
1946 1607 2003 1632 aut

205 1668 335 1698 iubendi
365 1671 417 1698 aut
445 1668 654 1698 interdicendi
681 1673 735 1698 aut
763 1668 975 1709 interrogandi
1001 1674 1064 1706 est,
1094 1668 1165 1698 addi
1195 1668 1290 1698 solet.

203 1776 237 1806 3.
264 1777 309 1806 Et
330 1780 360 1805 εἰ
377 1777 503 1814 familia
525 1777 626 1806 Habib
650 1777 676 1806 b.
700 1777 823 1805 Hahtar
845 1787 912 1805 eam
935 1778 971 1806 ob
993 1787 1059 1806 rem
1081 1779 1253 1814 irascitur,
1277 1781 1381 1806 tamen
1403 1778 1561 1814 neqotn'um
1584 1776 1732 1812 suscipe,
1763 1776 1796 1802 in
1821 1783 1881 1812 quo
1902 1781 2003 1810 pera-

816 1831 919 1867 qemlo
944 1833 1056 1859 remoti
1076 1834 1106 1859 te
1129 1834 1267 1859 contenti
1287 1830 1386 1860 sunt!

303 1896 389 1927 Fieri
416 1897 542 1936 quidem
569 1907 668 1936 posse
696 1898 783 1939 dicit,
813 1904 848 1928 ut
875 1899 994 1929 familia
1021 1899 1129 1930 fratris
1157 1900 1202 1929 ira
1229 1899 1432 1940 incendatur,
1460 1898 1542 1938 quod
1568 1898 1709 1928 vicinum
1738 1897 1822 1928 ultus
1848 1897 1913 1936 sis;
1941 1895 2002 1926 sed
2030 1893 2032 1895 ’

207 1959 300 1989 huius
330 1959 376 1988 rei
404 1960 520 1988 nullam
547 1960 700 1990 rationem
730 1961 905 1990 habendam
933 1971 1019 1990 esse.
1056 1962 1102 1991 Ita
1128 1960 1306 2002 agendum,
1339 1965 1371 1991 ut
1398 1959 1460 1990 fide
1488 1960 1664 1990 observata
1690 1960 1826 2001 gratiam
1853 1959 1998 1998 aliorum,

205 2030 266 2051 non
293 2025 503 2061 cognatorum
533 2030 763 2062 assequamur,
797 2032 856 2062 qua
887 2023 985 2053 honor
1013 2024 1043 2053 in
1069 2032 1126 2053 nos
1154 2022 1319 2052 redundet.
1371 2021 1473 2052 Hahib
1501 2023 1530 2052 b.
1558 2022 1681 2052 Habtar
1716 2021 1854 2051 familiae
1889 2028 2001 2050 nomen

203 2094 293 2124 esse,
320 2093 361 2114 ex
388 2092 426 2113 eo
454 2083 611 2125 videmus,
639 2085 720 2123 quod
748 2090 844 2125 poeta
871 2086 971 2115 verbo
997 2088 1114 2123 wni-
1141 2085 1280 2115 feminini
1308 2093 1411 2126 genus
1439 2083 1526 2113 dedit
1546 2088 1579 2114 et
1596 2083 1668 2113 inde
1689 2082 1855 2121 concludo,
1885 2090 1999 2111 nomen

204 2145 299 2175 Ahbd
335 2145 364 2175 b.
396 2145 519 2175 Habtar
547 2146 577 2175 in
604 2156 703 2175 versu
741 2146 882 2186 proxime
917 2148 1128 2178 antecedente
1163 2157 1224 2177 non
1258 2155 1435 2187 personae3
1472 2146 1531 2176 sed
1566 2145 1703 2175 familiae
1735 2154 1822 2175 esse.
1874 2143 1998 2173 Prono-

203 2217 270 2238 men
297 2208 327 2237 in
354 2216 436 2237 voce
463 2206 525 2246 Lffi
550 2207 590 2238 ad
616 2207 681 2237 ihs
709 2214 764 2239 aut
791 2204 896 2247 ὼ,
931 2209 1020 2239 cuius
1050 2209 1081 2239 in
1109 2210 1288 2250 posteriore
1320 2218 1439 2239 versus
1466 2214 1559 2249 parte
1592 2208 1710 2238 mentio
1738 2206 1816 2248 fuit,
1853 2205 1998 2236 referen-

202 2269 276 2300 dum
304 2275 366 2301 est.

202 2367 236 2396 4.
259 2366 363 2404 Quum
386 2368 572 2397 consultatio
596 2378 665 2398 cum
688 2371 764 2397 viris
783 2371 953 2407 prudentia
975 2370 1134 2398 destitutis
1166 2368 1261 2406 tanqu
1287 2372 1355 2408 est,
1383 2369 1489 2407 perdit
1514 2370 1544 2397 et
1570 2375 1684 2404 yenam
1713 2367 1798 2401 eiua,
1827 2365 1883 2402 qui
1909 2363 1997 2391 solu-5

979 2427 1035 2460 est,
1060 2425 1216 2462 deprimit.

301 2488 444 2530 Suadet,
471 2495 505 2520 ut
535 2490 702 2520 consilium
729 2500 823 2522 suum
848 2501 909 2522 non
936 2493 1084 2534 abiiciat,
1110 2493 1236 2522 noxiam
1262 2492 1343 2522 euim
1370 2501 1448 2522 esse
1474 2489 1737 2520 consultationem
1763 2486 1891 2527 longam
1918 2495 1991 2516 eum

205 2549 298 2591 aliis,
329 2550 382 2590 qui
408 2551 576 2590 prudentia
603 2557 743 2583 careant.
795 2553 971 2585 Consilium
1001 2563 1020 2585 a
1046 2555 1163 2586 talibus
1191 2554 1298 2585 datum
1324 2552 1432 2583 inutile
1457 2560 1531 2582 esse
1558 2555 1591 2580 et
1617 2550 1660 2580 nil
1686 2548 1819 2579 efficere
1845 2547 1924 2588 nisi,
1961 2549 1994 2576 ut
