2247 2865
974 93 1240 125 —449—

205 208 304 242 opere
329 196 427 240 godi,
455 199 584 241 legitur.
635 196 751 228 Ibidem
777 194 828 226 hic
854 204 973 225 versus
1001 193 1111 224 ordine
1140 192 1302 223 secundus
1329 196 1391 222 est.
1445 192 1585 224 Similem
1612 198 1717 224 autem
1741 205 1871 226 sensum
1900 200 1996 236 poeta

206 263 366 294 Alcomait
392 264 574 304 appellatus
597 263 780 301 expressit:
807 256 914 302 (metr.
930 254 1056 301 Camel)
1082 257 1130 287 Et
1156 255 1357 286 viderunt
1383 263 1510 294 super
1534 260 1574 286 te
1602 259 1640 286 et
1667 266 1684 286 e
1697 267 1717 286 x
1744 262 1785 288 te
1813 258 1848 288 in
1878 259 1995 290 lecto

205 326 544 368 intelligentiam
571 328 612 355 et
638 321 966 364 perspicaciam.

204 438 240 468 6.
263 436 367 474 Qunam
387 438 504 466 armati
523 444 595 465 eam
617 436 749 464 amatis
771 436 976 466 concurrunt.
999 434 1037 462 u!
1059 441 1128 460 rum
1154 432 1221 467 ipse
1251 430 1460 460 brevis-mmm
1490 430 1653 468 praeditus
1683 433 1767 459 esset
1788 440 1828 459 an
1852 428 1996 473 (mater)

844 488 1021 526 perfectura
1044 487 1198 524 insanlem
1221 484 1357 512 liaberet.

306 559 367 590 nic
393 568 524 599 versuS,
551 558 642 588 cuius
670 557 829 597 posterior
858 566 932 596 pars
959 556 989 586 in
1019 553 1174 584 Mersukii
1205 563 1302 593 opere
1330 553 1444 591 deest,
1484 554 1597 584 ibidem
1634 562 1704 583 cum
1730 553 1871 584 secundo
1901 563 1999 584 versu

207 620 366 652 cohaeret.
418 620 584 650 Posterior
611 630 686 660 pars
715 620 744 650 id
772 620 915 660 respicit,
943 618 1026 658 quod
1054 622 1148 657 poeta
1177 626 1310 656 corpore
1339 617 1427 646 brevi
1456 618 1620 656 praeditus
1648 624 1726 648 erat.

305 682 430 713 Versus
448 687 591 721 tempore
608 683 718 722 proelii
733 679 870 713 tants&
886 693 952 722 ²⁰52
971 682 1070 711 »Dies
1087 690 1219 710 rasurae
1237 689 1367 709 comae«
1384 680 1533 719 appellati
1549 681 1650 719 (cons.
1668 680 1765 711 Meid.
1782 681 1819 711 Τ.
1837 680 1889 709 ΙΙΙ.
1915 680 1948 709 Ρ.
1969 680 1996 710 l.

207 754 227 785 p
257 740 356 786 577.)
375 744 544 784 compositi
559 749 635 775 suut
673 744 779 782 Quum
798 744 981 773 Alliaritsus
999 743 1025 772 b.
1044 742 1156 772 Olibad
1172 752 1243 773 cum
1261 746 1329 772 suis
1347 754 1414 773 oum
1431 750 1528 784 geute
1552 746 1632 775 Beer
1658 755 1695 774 se
1716 745 1939 774 coniunxisset
1960 752 1999 784 up

208 808 361 848 proelium
377 817 447 837 cum
468 811 564 848 gente
583 806 728 847 'raghleb
746 805 920 836 faciendum
937 805 1006 835 duci
1021 806 1128 845 gentis
1145 806 1237 845 Beer,
1266 805 1316 843 qui
1337 811 1400 835 tum
1421 809 1574 845 temporis
1593 806 1771 836 Alliaritsus
1789 807 1816 835 b.
1833 807 2000 836 llammam

209 875 291 904 erat.
318 870 481 899 consilium
499 869 584 898 dedit
600 869 730 898 dicens:
762 868 874 905 visne,
903 877 920 896 ο
937 865 1117 907 Haritsw),
1135 868 1163 896 in
1179 878 1226 907 eo,
1243 868 1326 907 quod
1349 868 1488 907 intendo,
1514 869 1586 898 milii
1603 870 1788 908 obsequium
1806 864 2000 907 praestare?

210 936 243 961 et
260 941 356 972 quum
373 931 465 970 alter,
493 940 530 960 se
557 940 618 960 non
646 940 744 969 posse
769 940 830 960 non
847 932 913 961 eius
931 931 1078 960 mandato
1100 930 1240 967 obedire,
1260 930 1406 967 dixisset,
1437 931 1581 960 hortatus
1599 935 1660 967 est,
1691 936 1734 968 ut,
1752 940 1846 970 quum
1864 931 2001 961 hostium

209 992 339 1024 audacia
366 1002 417 1033 en,
456 991 539 1031 quod
565 998 694 1032 gentem
726 992 808 1022 haud
836 1002 1037 1022 numerosam
1067 997 1253 1031 putassent,
1293 998 1384 1022 aui-ta
1424 997 1533 1032 esset,
1572 994 1650 1022 viris
1680 993 1828 1022 mulieres
1856 992 2001 1033 adderet,

210 1055 382 1094 quamlibet
412 1055 496 1084 suste
522 1060 661 1084 armaret
687 1058 719 1084 et
747 1064 806 1084 vas
834 1056 916 1094 aquai
944 1056 1102 1094 impletum
1128 1061 1255 1093 portare
1285 1055 1417 1085 iuberet.
1457 1056 1611 1085 Futurum
1631 1065 1713 1096 esse,
1742 1061 1782 1088 ut.
1806 1055 1832 1084 si
1855 1056 2002 1086 mulieres

211 1120 282 1156 post
309 1116 448 1146 virorum
477 1121 569 1157 terga
595 1116 857 1157 disponerentur,
886 1117 1024 1146 studium
1053 1108 1211 1156 puguandi
1241 1124 1426 1158 augeretur.
1481 1118 1620 1148 Cuilibet
1648 1123 1751 1148 autem
1780 1119 1849 1148 viro
1879 1127 2003 1148 comam

210 1178 435 1219 amputandam
466 1188 561 1220 esse,
600 1184 635 1209 ut
670 1180 731 1209 hoe
769 1180 863 1220 signo
890 1189 908 1209 a
935 1180 1119 1209 mulieribus
1148 1185 1419 1220 cognosceretur,
1448 1190 1539 1219 quae,
1567 1181 1594 1209 si
1619 1180 1658 1210 ad
1686 1181 1833 1219 singulos
1862 1180 1890 1209 in
1919 1185 2004 1210 terra

211 1245 393 1280 prostratos
421 1241 607 1280 transirent,
638 1241 707 1270 suis
735 1251 846 1280 aquam
874 1244 1095 1281 porrigerent,
1123 1241 1235 1270 hostes
1263 1247 1369 1271 autem
1399 1241 1484 1270 suste
1513 1242 1706 1271 occiderent.
1763 1242 1879 1271 Omnes
1907 1242 2004 1281 igitur

212 1303 282 1340 viri,
309 1313 369 1334 uno
400 1303 561 1342 Djahdaro
590 1309 739 1344 excepto,
767 1314 887 1333 comam
915 1314 1006 1333 suani
1034 1308 1245 1342 amputarunt.
1278 1303 1456 1342 Djalidarus
1485 1306 1577 1342 euim,
1605 1303 1765 1341 quiesset
1794 1303 1902 1332 brevis
1930 1312 2005 1332 cor-

213 1375 290 1406 pore
316 1362 414 1409 (quae
441 1375 494 1396 res
519 1366 677 1396 Arabibus
706 1366 867 1405 despectui
895 1368 1002 1404 erat);
1031 1365 1086 1394 sed
1116 1365 1246 1404 pulchra
1265 1367 1355 1395 coma
1376 1371 1507 1395 ornatus
1527 1371 1559 1394 et
1579 1374 1675 1404 eques
1694 1370 1860 1405 strenuus,
1889 1367 2004 1394 timens

213 1438 254 1459 ne
281 1438 372 1459 coma
409 1432 570 1468 amputata
605 1428 753 1458 deformis
789 1428 898 1467 fieret,
937 1428 1086 1468 rogavit,
1126 1433 1160 1456 ut
1187 1438 1305 1457 comam
1334 1438 1425 1458 suam
1454 1429 1602 1457 intactam
1631 1428 1845 1466 relinquerent
1872 1427 2005 1457 dicens:

214 1491 316 1521 Sinite
344 1500 462 1521 comam
492 1501 591 1521 meam
620 1501 674 1531 pro
700 1492 799 1531 primo
829 1491 948 1531 equite,
976 1493 1028 1529 qni
1055 1500 1095 1520 ex
1121 1490 1259 1520 liostium
1288 1500 1417 1520 numero
1445 1501 1462 1520 a
1491 1491 1563 1530 iugo
1591 1490 1739 1519 adveniet
1752 1489 1792 1527 ²¹).
1829 1489 1897 1519 Res
1926 1498 2007 1520 con-

214 1562 310 1582 cessa
337 1558 398 1582 est.
451 1553 601 1582 Ahmirus
634 1553 662 1582 b.
689 1553 891 1582 'l'aim-Allat
919 1552 946 1582 b.
976 1552 1157 1582 'Psalilabali
1187 1554 1250 1581 isto
1278 1553 1328 1582 die
1360 1553 1536 1581 homiuibus
1565 1552 1688 1588 suasit,
1728 1557 1761 1581 ut
1797 1551 1898 1580 nodos
1929 1561 2008 1582 scu-

214 1615 348 1645 ticarum
375 1619 594 1655 amputarent,;
624 1615 692 1645 fieri
720 1618 802 1646 enim
833 1626 943 1657 posse,
976 1621 1009 1645 ut
1036 1617 1101 1655 quis
1130 1618 1280 1645 nesciens
1310 1616 1338 1644 in
1364 1620 1478 1644 ventre
1499 1615 1669 1643 iumentum
1690 1614 1884 1644 vulneraret.
1916 1615 2008 1645 Hunc

214 1677 348 1717 primum
375 1678 457 1707 diem
486 1678 588 1708 fuisse
615 1679 734 1718 dicunt,
761 1688 822 1718 quo
859 1680 1050 1710 scuticarum
1084 1678 1186 1708 nodos
1223 1682 1435 1717 amputarent.
1495 1678 1553 1706 vir
1584 1682 1688 1706 autem
1726 1677 1796 1706 iude
1830 1687 2009 1718 cognomen

217 1729 325 1775 20ss33
353 1749 439 1786 &aaa
470 1742 634 1770 »scuticas
664 1747 857 1781 amputans«
889 1743 1055 1781 accepisse
1082 1742 1206 1771 dicitur.
1261 1741 1327 1769 Isto
1356 1740 1417 1777 (lie,
1455 1749 1514 1778 quo
1543 1740 1718 1769 accerrime
1749 1745 1921 1780 pugnatum
1947 1747 2010 1781 est,

218 1803 267 1832 vir
295 1804 433 1833 Alborac
461 1807 723 1845 cognominatuS,
762 1805 812 1834 cui
847 1815 960 1834 nomen
996 1804 1087 1834 Aulif
1111 1804 1136 1833 li.
1166 1803 1274 1832 Maleo
1302 1803 1329 1831 b.
1360 1802 1524 1831 Dliobaiali
1552 1802 1579 1831 b.
1611 1803 1709 1842 Kais,
1751 1804 1859 1842 iugum
1897 1804 2011 1834 montis

219 1866 388 1897 Kidhdhali
419 1869 603 1898 conscendit
631 1878 743 1898 secum
771 1869 893 1898 ducens
923 1872 1055 1897 matrem
1083 1866 1203 1896 cainela
1231 1865 1412 1894 vehentem.
1472 1864 1575 1901 Quum
1605 1866 1632 1893 in
1660 1865 1762 1894 medio
1792 1866 1866 1905 iugo
1894 1874 2013 1895 versa-

222 1933 319 1966 retur,
347 1929 572 1969 suffraginibus
600 1931 737 1961 camelae
765 1932 903 1961 resectis
931 1931 1102 1960 clamavit:
1141 1929 1212 1968 Ego
1251 1927 1430 1956 Alhoracus
1459 1927 1488 1955 in
1513 1937 1619 1966 genua
1648 1929 1837 1968 proeumlm,
1877 1928 1926 1957 ubi
1955 1938 2011 1958 as-

222 1999 339 2029 sequor
365 1990 574 2030 (fugientes).
627 1993 706 2022 Tum
733 1993 848 2023 educto
877 1992 982 2033 gladio
1009 1991 1178 2023 clamavit:
1218 1990 1406 2028 Quicunque
1435 1989 1472 2018 ad
1503 2000 1551 2018 me
1580 1989 1705 2030 fugiens
1736 1991 1859 2020 Beerita
1888 1994 2013 2030 transit,

222 2063 294 2082 eum
323 2053 428 2093 gladio
456 2054 613 2092 percutio.
664 2055 750 2084 Num
777 2055 913 2094 quolibet
941 2056 991 2085 die
1019 2055 1099 2095 fuga
1127 2052 1335 2090 dedecusque
1363 2047 1451 2080 erit?
1505 2052 1595 2081 Hane
1623 2056 1728 2081 aulem
1752 2062 1816 2081 rem
1838 2055 2014 2091 respiciens

223 2113 317 2143 dixit:
346 2114 451 2155 (metr.
480 2113 619 2157 Thumi)
649 2116 771 2146 viam
800 2117 997 2146 obstruxi
1025 2117 1143 2145 sieut
1175 2113 1460 2144 Elin-Bidlius
1493 2113 1603 2142 viam
1639 2124 1756 2143 suam
1794 2115 2016 2144 obstruxit

224 2181 264 2204 et
291 2176 415 2215 viam,
444 2185 515 2214 per
544 2186 656 2215 quam
685 2178 729 2207 ad
760 2179 965 2207 verticem
993 2178 1337 2211 adsccndereut,
1366 2186 1442 2204 uon
1474 2176 1738 2205 invenerunt.
1777 2176 1884 2205 Verba
1907 2176 2016 2204 „Ebu-

225 2238 345 2268 Bidlius
373 2239 458 2268 viam
485 2240 666 2270 obstruxit«
697 2241 863 2270 Lokmano
892 2241 1094 2269 Amalekitae
1107 2239 1136 2279 ³)
1166 2241 1282 2269 tributa
1310 2240 1339 2268 in
1369 2239 1526 2278 proverbii
1555 2239 1818 2268 consuetiuliuem
1849 2244 2017 2268 venerunt.

243 2333 271 2362 1)
285 2317 356 2373 stc&
376 2337 417 2356 est
437 2340 483 2362 pru
503 2316 607 2370 &la-³⁵3
629 2333 715 2361 modo,
736 2340 811 2363 quem
831 2334 998 2363 grammatici
1017 2326 1130 2368 50¹5ssss
1163 2330 1287 2369 „35:553
1307 2333 1456 2362 appellarit.

244 2391 275 2419 2)
295 2391 447 2414 verborum
466 2396 563 2413 sensus
583 2396 605 2419 p.
625 2384 674 2414 l'ol‘
692 2390 710 2414 l.
730 2391 755 2414 9.
779 2392 939 2421 explicatur.
992 2392 1130 2422 Promisit,
1155 2400 1184 2415 se
1211 2393 1242 2415 iis
1267 2393 1376 2421 primum
1403 2392 1516 2421 equitem
1541 2389 1676 2419 captivum
1703 2389 1862 2412 traditurum
1887 2396 1961 2419 esse,
1990 2390 2012 2413 si

293 2449 394 2466 comam
414 2448 465 2465 uon
485 2444 662 2470 amputarent.

245 2489 276 2518 8)
296 2489 354 2512 Duo
373 2492 436 2512 sunt
454 2488 595 2517 helimam,
615 2488 684 2511 alter
703 2487 799 2511 Alidita
818 2489 860 2511 vel
881 2488 1044 2518 Amalekita,
1063 2488 1134 2511 alter
1152 2488 1259 2516 sapiens
1278 2486 1440 2516 appellatus.
1482 2486 1531 2508 llle
1551 2485 1675 2514 princeps·
1694 2488 1732 2507 est
1751 2489 1775 2507 et
1796 2488 1920 2515 tanquam
1940 2486 2020 2509 fabu-

295 2535 352 2558 losa
371 2541 488 2564 persona
507 2534 634 2563 temporis
653 2533 840 2563 antiquissimi,
860 2533 898 2556 hic
917 2534 1034 2563 sapiens,
1054 2534 1095 2557 eui
1116 2534 1214 2556 multae
1235 2534 1342 2556 fabulae
1355 2533 1498 2562 Aesopia-ae
1509 2532 1710 2559 adscribuntur,
1731 2535 1758 2554 ut
1769 2538 1826 2554 cum
1840 2533 1947 2560 Aesopo
1968 2538 2020 2554 uua

295 2579 436 2610 eademque
448 2586 566 2610 persona
579 2585 639 2603 esse
655 2579 783 2603 videatur.
801 2579 1062 2602 eunf.sctiu1tensii
1074 2577 1312 2602 tristor-doetauid.
1324 2583 1348 2606 p.
1361 2575 2016 2606 22.Alete.promum.etuerb1·1ot.'r.11.p.4s5.

1768 2625 1814 2654 57
