2247 2865
964 93 1231 124 -564—

206 203 236 231 2.
263 201 370 230 Hostis
393 198 522 226 lanceae
548 195 727 227 Bisclarum,
758 193 920 221 Tsabetmn
944 194 974 219 et
995 191 1143 219 Har-num
1165 191 1415 228 transfoderunt,
1441 197 1573 227 quorum
1597 189 1729 226 quisque
1748 190 1872 224 gentem
1894 187 2000 215 dolore

509 252 514 257 ⁸
1017 244 1187 281 adficiebat.

306 321 357 351 Ad
384 321 487 350 locum
516 315 783 357 Mardj-Rahetb,
812 315 842 344 in
872 313 955 343 valle
983 312 1137 343 Gbuthab
1157 312 1240 351 apud
1265 313 1458 342 Damascum
1479 312 1574 341 situm
1603 310 1725 348 (conf.
1747 309 1854 339 Abulf.
1876 308 1999 349 Geogr.

208 396 237 425 p.
267 385 345 424 w),
373 382 536 412 exere-itus
566 380 665 419 partis
695 377 864 416 Merwani,
892 380 1006 416 gentes
1035 374 1116 405 Catb
1145 379 1177 405 et
1206 374 1296 404 Ahns
1323 376 1530 405 Iemanenses
1559 380 1588 404 et
1619 375 1784 404 exercitus
1812 374 1910 412 partis
1936 373 2003 403 So-

209 448 297 484 bairi,
326 455 408 487 gens
433 445 512 474 Kais
540 448 571 472 et
599 451 670 471 cum
699 450 738 469 ea
766 439 955 469 coniunctae
983 442 1099 478 gentes
1127 447 1318 467 convenere.
1347 436 1463 467 Gentis
1476 438 1563 469 ,Kais
1588 437 1652 467 dux
1672 437 1768 466 sofar
1788 437 1816 466 b.
1837 436 2002 476 Aiharets,

204 506 342 550 ‘quocum
371 505 562 536 Aldhahhak
588 505 615 533 b.
645 504 724 533 Kais
752 507 832 534 erat.
884 501 1055 530 Exercitus
1083 499 1240 529 Merwani
1269 499 1433 529 victoriam
1458 500 1643 539 reportavit,
1696 500 1848 529 Bischrus
1871 501 1898 528 b.
1919 498 2001 528 lasid

208 573 354 611 Morrita,
381 569 543 598 'Psabetus
570 569 599 598 b.
631 564 812 596 Cbowaiiid
841 563 988 603 Badjiiita
1016 567 1048 592 et
1064 562 1193 591 Han-nus
1213 561 1451 591 occidebantur.
1506 561 1566 598 Qui
1584 571 1677 600 quum
1698 562 1858 601 principes
1878 565 2002 599 essent,

209 630 276 670 (p.
295 626 419 667 318.)
449 636 564 672 gentes
594 640 635 659 ex
666 638 775 658 eorum
804 627 902 656 caede
930 626 1071 655 dolorem
1099 627 1319 663 perceperunt.
1374 623 1607 653 Aldhahhakus
1635 624 1664 652 in
1682 623 1778 663 Syria
1808 628 1839 652 et
1867 632 1936 653 cum
1964 632 2003 652 eo

209 705 290 738 gens
318 695 396 724 Kais
425 692 651 723 Ebu-Sobairo
681 690 773 719 fidem
804 689 1010 728 promiserant
1038 691 1070 716 et
1099 686 1169 725 ipse
1196 686 1383 715 Merwanus
1420 685 1503 714 hunc
1538 686 1639 715 virum
1666 685 1704 714 ad
1732 685 2004 724 Ebu-Sobairum,

210 764 244 790 ut
270 767 329 788 suo
359 758 483 786 nomine
508 755 567 794 ipsi
596 753 780 792 obsequium
809 752 1016 791 promineret,
1047 751 1173 778 mittere
1198 747 1228 776 in
1254 746 1354 776 animo
1383 745 1538 785 habebat3
1566 746 1625 775 sed
1644 746 1726 776 filius
1743 746 2003 776 Ahbd-Almaiec

210 826 242 853 et
269 822 391 851 Ahmru
418 820 447 849 b.
476 817 575 848 Saihd
603 826 675 846 eum
704 816 863 845 retinuere
891 813 1050 849 dicenteS‚
1080 821 1149 841 euin
1178 811 1284 851 gentis
1306 809 1462 839 Koraiseb
1490 818 1598 839 senem
1625 818 1712 849 esse,
1740 809 1769 838 in
1797 818 1859 848 quo
1885 808 2005 847 imperii

210 893 288 924 spes
316 887 496 922 poneretur.
551 880 711 919 Legatum
741 878 835 917 igitur
862 876 901 906 ad
924 876 1026 905 virum
1047 875 1154 916 gentis
1175 874 1250 903 Fibr
1277 873 1459 903 mittendum
1487 882 1548 901 non
1578 882 1666 911 esse,
1694 881 1787 910 quum
1815 872 1882 910 ipse
1910 872 2006 900 rebus

210 946 304 987 potiri
331 945 445 985 possit.
500 943 597 972 Hisce
627 947 733 971 autem
760 941 868 970 verbis
896 938 1008 977 cupido
1039 938 1170 968 exarsit.
1225 935 1364 966 Gentem
1393 934 1537 974 On'ajjah
1566 935 1663 975 igitur
1688 934 1818 963 laudare
1856 939 1890 963 et
1918 934 2006 963 Ebu-

210 1009 377 1041 Sobairum
413 1007 592 1046 deprimere
626 1005 753 1043 incepit.
808 1002 1042 1032 Aidbahhakus
1078 1010 1203 1039 quoque
1236 999 1264 1027 ei
1298 998 1446 1027 auxilium
1481 998 1641 1036 praestitit
1678 1001 1711 1026 et
1744 996 2005 1026 Ebu-Aisobairo

211 1081 249 1101 se
276 1069 442 1100 adversari
469 1067 621 1110 ostendit.
675 1065 811 1104 Scripsit
839 1073 963 1103 quoque
991 1063 1029 1093 ad
1058 1064 1241 1092 Hassanum
1263 1061 1290 1090 b.
1310 1061 1416 1089 Matec
1437 1060 1464 1089 b.
1487 1059 1617 1097 Bahdal.
1646 1059 1694 1088 cui
1723 1060 1860 1088 moriens
1889 1058 2008 1088 Moah-

211 1133 350 1174 wijahus
378 1133 407 1162 b.
435 1131 518 1161 Iasid
545 1131 574 1160 b.
603 1127 799 1167 Moahwijah
826 1128 990 1166 imperium
1017 1124 1191 1155 tradiderat
1217 1132 1256 1152 ea
1283 1122 1481 1162 conditione,
1511 1126 1555 1161 ut)
1590 1130 1681 1159 quem
1711 1126 1828 1161 gentes
1854 1121 2007 1151 Chaiifam

211 1191 466 1240 (imperatorem)
495 1197 655 1231 crearent,
684 1191 711 1220 ei
740 1190 905 1228 imperium
933 1187 1170 1217 concederetur.
1224 1186 1394 1215 massanus
1425 1185 1602 1214 avunculus
1630 1183 1838 1223 Moabwijabi
1868 1184 1895 1214 b.
1924 1183 2008 1213 lasid

215 1263 296 1288 erat.
350 1258 432 1287 Huic
466 1256 652 1295 scripserat,
694 1258 727 1283 ut
763 1251 911 1292 oppidum
949 1248 1129 1288 Aldjabijah
1167 1246 1266 1290 (apud
1296 1248 1488 1277 Damascum
1516 1243 1628 1288 situm)
1656 1247 1868 1285 relinqueret,
1909 1250 1941 1275 et
1968 1245 2007 1275 ad

213 1322 316 1361 ipsum
343 1320 478 1349 veniens
507 1317 662 1348 Cbalifam
691 1326 707 1345 e
736 1320 834 1356 gente
863 1313 1010 1352 Omajjab
1038 1315 1172 1341 crearet.
1227 1310 1330 1348 Quum
1370 1310 1467 1350 igitur
1504 1313 1638 1348 uterque
1674 1311 1840 1338 exercitus
1869 1310 1898 1338 in
1925 1317 2003 1338 con-

213 1387 357 1422 spectum
391 1381 557 1417 venisset,
592 1379 739 1408 Kaisitae
768 1377 903 1407 Sobairo
939 1375 1085 1405 faventes
1114 1383 1131 1402 e
1161 1373 1310 1414 gentibus
1338 1371 1596 1411 Iemanensibus7
1631 1371 1710 1400 iuter
1737 1380 1815 1408 quos
1842 1372 2010 1401 Hammam

214 1446 243 1475 b.
270 1443 416 1475 Kabizah
443 1443 632 1481 Nomairita,
663 1442 742 1471 Kais
764 1441 791 1469 b.
810 1441 913 1469 'rsaur
935 1439 962 1468 b.
982 1438 1080 1467 Mahn
1099 1436 1266 1474 Solamita,
1295 1434 1384 1473 Sijad
1406 1435 1433 1464 b.
1459 1434 1581 1463 Ahmru
1602 1434 1618 1463 b
1646 1433 1769 1463 Mobris
1784 1433 2009 1473 Aschdjffiffla,

216 1508 338 1539 Ahmru
366 1508 394 1536 b.
423 1505 622 1544 Moahwijah
651 1504 824 1543 Obkasssta,
854 1502 963 1532 Bischr
990 1502 1018 1530 b.
1047 1499 1131 1530 Iasid
1160 1499 1293 1528 Morrita
1310 1502 1341 1526 et
1358 1498 1478 1526 Tsabet
1495 1497 1523 1525 b.
1541 1495 1719 1526 Chowailid
1735 1495 1883 1536 Badjilita
1910 1500 2010 1536 erant,

215 1570 395 1600 Dhahhako
424 1568 571 1598 dixerunt
587 1578 606 1597 2-
645 1567 758 1606 Tune,
788 1571 820 1596 ut
850 1565 1086 1602 Ebu-Sobairo,
1116 1563 1207 1591 euius
1236 1560 1344 1590 merita
1371 1564 1401 1588 et
1430 1558 1575 1587 nobilitas
1610 1558 1665 1587 tibi
1699 1562 1774 1587 nota
1799 1563 1887 1597 sunt,
1916 1557 2009 1587 fidem

215 1638 465 1673 praestaremus,
495 1641 552 1660 nos
580 1626 734 1660 vocasti?
763 1629 821 1657 sed
849 1637 943 1666 quum
971 1628 1130 1664 venimus,
1159 1624 1197 1653 ad
1224 1624 1309 1653 hunc
1339 1622 1477 1651 Arabem
1513 1625 1727 1659 campestrem
1764 1625 1796 1649 te
1832 1619 2007 1649 convertis.

216 1696 308 1725 Haec
334 1698 403 1723 erat
431 1702 539 1732 causa,
568 1701 623 1721 cur
650 1690 882 1720 Aldhahhakus
912 1688 950 1717 ad
978 1687 1080 1717 locum
1108 1683 1364 1724 Mardj-Rabeth
1389 1684 1483 1723 signa
1511 1682 1699 1712 transferret
1726 1686 1757 1712 et
1785 1681 2010 1711 Ebu-Sobairo

218 1757 404 1795 obsequium
433 1759 623 1794 praestaret.
676 1752 780 1790 Quum
809 1761 888 1780 vero
916 1751 1058 1779 Kaisitae
1087 1749 1146 1788 ipsi
1175 1748 1337 1777 dicerent:
1367 1746 1432 1776 Cur
1460 1755 1521 1774 non
1547 1745 1585 1774 ad
1615 1744 1800 1782 obsequium
1832 1743 1884 1772 tibi
1912 1752 2009 1782 prae-

217 1819 364 1850 standum
389 1818 542 1857 invitasti,
571 1827 640 1846 nam
670 1825 771 1854 neque
800 1815 950 1843 flassano
978 1821 1080 1851 neque
1098 1810 1354 1839 Ebu-Alsobairo
1386 1808 1514 1837 inferior
1540 1804 1603 1836 es?
1631 1816 1739 1835 eorum
1768 1806 1926 1835 voluntati
1953 1815 2010 1834 sa-

219 1882 348 1911 tisfecit.
403 1880 530 1910 Interim
558 1880 729 1908 Hassanus
758 1878 925 1906 Merwano
952 1884 988 1903 se
1017 1873 1220 1902 submiserat.
1281 1871 1314 1899 In
1353 1870 1472 1908 proelio
1510 1874 1574 1898 tum
1611 1869 1781 1897 commisso
1810 1877 1850 1896 ex
1877 1867 2010 1896 Kaisitis

219 1944 303 1973 mille
328 1942 486 1980 cecidere,
514 1952 556 1972 ex
583 1940 818 1970 lemanensibus
846 1938 926 1968 mille
945 1943 976 1967 et
995 1938 1144 1967 trecenti.
1175 1936 1362 1964 Merwanus
1380 1933 1438 1961 isto
1458 1941 1540 1961 anno
1558 1931 1597 1969 (6
1607 1931 1640 1969 t)
1659 1930 1789 1969 imperio
1807 1931 1928 1968 potitus
1947 1933 2008 1958 est.

219 2040 251 2069 3.
274 2038 418 2075 Sil'udnm
440 2042 471 2067 in
493 2040 601 2076 podice
626 2039 835 2076 consmh'mus,
860 2036 932 2063 dnm
956 2038 1076 2069 ter-qum
1102 2032 1239 2060 rerlebat
1259 2033 1289 2058 p!
1315 2030 1468 2058 Tsmcrum
1491 2029 1592 2065 ylecdii
1613 2030 1758 2056 secantes
1778 2028 2011 2054 assecutis-unt.

319 2109 411 2138 Alios
438 2108 468 2137 in
495 2109 556 2137 isto
586 2107 703 2146 proelio
733 2106 862 2135 occisos
892 2108 1066 2133 enumerat.
1120 2101 1253 2130 Primum
1282 2099 1422 2138 Sijadum
1451 2099 1479 2127 b.
1508 2097 1630 2127 Ahmru
1659 2095 1849 2126 Ohkailitam
1876 2095 2013 2124 nominat

221 2183 357 2213 eumque
386 2173 415 2202 in
451 2172 529 2212 fuga
567 2181 585 2200 a
620 2175 713 2210 tergo
750 2169 932 2199 confossum
970 2174 1047 2195 esse
1084 2163 1170 2192 dicit.
1232 2162 1280 2192 Ob
1319 2162 1414 2191 verba
1443 2161 1513 2189 &bimi
1544 2158 1570 2197 g
1598 2169 1709 2189 vocem
1733 2163 1814 2202 juxa:
1841 2159 1946 2197 potius
1974 2157 2014 2187 de

220 2234 298 2274 fuga
325 2243 418 2273 quam
447 2232 485 2262 de
513 2231 645 2261 consilio
674 2236 760 2259 recto
791 2230 902 2258 relicto
931 2227 1168 2268 intelligendam
1200 2235 1275 2255 esse
1312 2231 1399 2264 puto.
1461 2225 1494 2253 ln
1531 2223 1687 2253 Mersukii
1722 2221 1831 2251 codice
1868 2230 1934 2250 vox
1958 2221 2013 2263 μό·

221 2304 330 2324 casum
357 2294 604 2329 nominativum,
646 2297 679 2321 ut
714 2291 879 2329 sequentis
916 2289 1004 2318 verbi
1035 2288 1117 2318 nulla
1145 2290 1222 2317 ratio
1251 2288 1313 2324 sit,
1343 2287 1437 2316 habet
1465 2291 1497 2315 et
1524 2295 1722 2324 quamquam.
1753 2289 1879 2323 poetam
1907 2285 2008 2321 ipsum

221 2358 270 2386 sic
296 2356 430 2391 dixisse,
461 2355 647 2384 Mersukius
677 2359 785 2393 putat,
815 2358 916 2381 tamen
944 2351 1075 2381 alterum
1104 2349 1228 2390 legendi
1258 2349 1403 2390 modum)
1433 2353 1463 2378 ut
1488 2347 1749 2378 antecedentibus
1777 2356 1842 2375 vox
1869 2353 2012 2384 congrua

222 2418 273 2458 sit,
301 2417 544 2457 praeferendum
573 2421 695 2446 censet.

224 2514 253 2542 4.
281 2513 323 2542 Et
347 2513 567 2541 Hmmmimum
589 2512 694 2548 ylaslio
717 2510 902 2546 splendente
924 2511 962 2537 rit
992 2519 1007 2537 e
1028 2511 1120 2544 yeme
1136 2506 1378 2536 Banu-Ahmru
1401 2509 1564 2536 assecutus
1586 2509 1639 2535 est.
1664 2513 1822 2541 procerus.
1848 2503 2014 2531 ‹cansa-ans.

322 2570 529 2599 Hanimemus
558 2569 586 2597 b.
622 2567 767 2597 Rabizah
803 2568 937 2597 Mor-rita
973 2567 1034 2595 isto
1067 2567 1114 2596 die
1154 2566 1280 2596 occisus.
1322 2566 1389 2595 fuit.
1454 2565 1624 2594 Procerum
1658 2569 1773 2600 eorpus
1809 2560 1888 2589 viris
1927 2557 2011 2588 laudi
