2247 2865
993 113 1265 144 —346—

235 217 265 246 b.
293 215 538 245 Ahbd-Alahsis
564 213 741 254 scripsisse
768 223 806 244 ac
833 213 990 254 petiisse,
1029 217 1063 244 ut
1086 215 1146 244 sibi
1173 223 1307 244 uxorem
1333 212 1437 243 Jasidi
1460 213 1489 242 b.
1518 211 1715 243 Almohalleb
1742 212 1774 242 in
1803 213 2025 244 matrimonium

237 284 349 319 petere
376 279 513 316 liceret3
554 276 723 307 Olimarum
750 277 779 306 ei
806 280 910 306 autem
938 276 1165 316 rescripsisse:
1200 276 1298 305 Ilisce
1323 275 1382 305 Dei
1405 281 1439 306 et
1466 276 1642 315 prophetae
1670 274 1816 304 laudibus
1844 275 2027 314 praemissis

235 339 325 378 ώλρ,
351 339 375 370 ὃ
401 336 516 388 &fij-⁶³³
542 336 582 385 Ui
622 338 834 369 Fesarita
869 348 947 368 non
983 344 1141 370 cessat
1167 344 1230 369 etc.
1265 338 1359 376 (sunt
1393 339 1493 368 verba
1524 338 1632 368 Salimi
1670 336 1751 367 conf.
1785 337 1896 367 Ham.
1923 347 1953 376 p.
1981 338 2028 367 t‘w*

235 404 255 434 l.
285 405 337 443 6.)
365 403 412 433 Si
439 402 519 432 tibi
546 409 615 431 res
643 396 858 439 supe'rflua
885 405 973 440 est,
1000 401 1109 431 hanc
1134 402 1321 432 familiae
1351 406 1454 432 tuae
1480 397 1634 433 tribue!
1671 401 1728 430 Ille
1756 401 1892 439 (Salim)
1920 405 2027 429 autem

236 477 332 507 quum
360 469 488 506 gentem
516 463 629 503 satyra
656 463 874 503 perstringere
901 473 962 493 non
990 467 1148 505 cessaret,
1175 464 1334 495 Somailus
1359 464 1549 503 ben-Obair‚
1576 474 1659 495 unus
1688 463 1795 505 gentis
1816 460 2027 492 Ahbd-Allah

236 528 267 558 b.
292 526 406 557 Manaf
430 525 570 563 iuravit,
597 534 634 554 se
661 533 764 563 neque
792 534 919 555 carnem
946 535 1076 556 esurum
1103 535 1203 566 esse,
1230 535 1333 565 neque
1361 530 1455 566 caput
1480 526 1643 568 loturum,
1681 535 1784 565 neque
1812 534 1882 555 cum
1912 523 2028 554 femina

239 599 302 618 rem
328 588 508 617 habiturum
532 586 571 626 ¹),
598 585 700 615 donec
728 596 799 616 cum
830 587 1012 618 occidisset.
1043 587 1204 618 Somailus
1233 593 1340 618 autem
1367 588 1587 618 Ebu-Daraho
1615 588 1726 619 Cufam
1753 587 1926 623 recedenti,
1954 585 2027 614 dum

235 649 397 680 Somailus
424 649 454 679 in
483 649 645 679 desertum
671 648 732 678 iter
759 649 937 690 dirigebat,
974 650 1122 681 occurrit.
1174 651 1267 681 Hunc
1305 661 1399 691 quum
1427 651 1567 682 salimus
1602 650 1826 690 conspiceret,
1867 649 1895 680 ei
1929 647 2026 678 dixit:

235 712 288 741 Ne
315 716 407 750 pater
434 710 491 740 tibi
517 705 581 740 sit!
632 710 750 740 Nonne
778 715 906 749 tempus
931 711 985 740 tibi
1011 716 1063 741 est
1089 712 1257 742 iuramenti
1284 709 1497 753 perficiendi?
1544 712 1704 743 Somailus
1730 716 1836 741 autem
1865 719 2028 741 excusans

237 784 276 804 se
304 774 402 804 dixit:
442 774 505 803 Per
533 768 657 803 Deum!
696 773 727 802 in
753 778 851 814 genle
878 773 996 804 ferrum
1021 783 1084 804 non
1110 779 1181 815 est,
1217 776 1276 805 nisi
1303 785 1381 805 acus
1408 776 1462 806 sit.
1513 775 1593 805 Post
1618 775 1701 805 haec
1727 774 1864 804 Salimus
1892 772 1932 803 ad
1959 772 2027 802 fra-

235 842 315 867 trem
345 835 461 867 Cufam
488 835 638 875 pervenit
664 840 698 864 et
724 834 796 865 iude
822 845 897 866 mox
923 836 964 866 ad
991 840 1119 877 gentem
1156 847 1246 868 suam
1281 837 1311 866 in
1348 837 1510 867 desertum
1547 837 1666 878 rediit,
1702 837 1753 866 ubi
1787 845 1904 865 versus
1938 834 2026 864 dixit.

239 899 318 929 Tum
347 909 389 928 ex
417 898 533 938 oppido
561 897 703 935 Medma,
731 907 792 936 quo
820 907 889 928 cum
917 899 1049 929 camelis
1074 899 1236 939 profectus
1261 905 1341 941 erat,
1369 900 1481 930 exiens
1509 899 1651 938 vespera
1678 898 1818 928 Somailo
1842 898 1950 927 urbem
1978 897 2027 926 in-

236 961 332 991 tranti
372 961 521 991 occurrit.
574 959 677 998 Quem
713 970 809 999 quum
836 961 1038 1000 increpasset
1064 962 1194 992 dicens:
1236 963 1352 992 Nonne
1385 961 1579 992 iuriiurando
1614 957 1811 991 satisfacis?
1863 951 2036 990 Somailus*

235 1034 308 1054 eum
337 1025 368 1054 in
395 1023 561 1063 tenebris,
589 1027 625 1053 ut
651 1024 730 1053 alter
755 1023 797 1052 nil
826 1023 886 1053 nisi
912 1024 1081 1064 strepitum
1107 1025 1253 1066 audiret,
1289 1021 1421 1054 secutus
1449 1027 1507 1055 est.
1557 1024 1615 1054 Ille
1641 1024 1724 1054 hanc
1752 1024 1790 1053 ob
1818 1032 1951 1052 eausam
1975 1024 2027 1051 iu·-

234 1092 373 1119 mentum
399 1087 588 1127 impellens,
625 1091 732 1117 tamen
761 1085 914 1126 impedire
941 1094 1003 1115 non
1035 1086 1162 1126 potuit,
1199 1085 1363 1125 quominus
1389 1085 1551 1115 Somailus
1590 1095 1661 1115 eum
1688 1084 1898 1124 posteriorem
1928 1083 2028 1113 sellae

233 1156 357 1191 partem
384 1150 490 1191 gladio
517 1151 679 1190 attingens
706 1150 736 1179 in
763 1148 891 1179 brachio
918 1148 1101 1178 vulneraret
1127 1152 1270 1178 extremo
1296 1147 1404 1189 gladio
1430 1152 1636 1188 segmentum
1664 1148 1806 1189 longum,
1834 1147 1924 1177 cuius
1952 1155 2027 1186 pars

236 1217 441 1254 apparuerat,
469 1217 649 1252 amputans.
688 1212 884 1243 Vulneratus
911 1210 1069 1240 Medinam
1095 1210 1200 1251 rediit,
1227 1215 1263 1240 ut
1286 1215 1465 1240 sanaretur.
1505 1210 1710 1241 contendunt
1736 1214 1856 1250 autem,
1883 1210 2026 1241 Bosram.

235 1276 334 1307 filiam
363 1276 533 1316 Ohjainahi
556 1276 586 1305 b.
614 1275 717 1305 Asma
744 1272 812 1318 (alii
837 1274 932 1303 filiam
947 1273 1130 1303 Manthsuri
1145 1273 1173 1304 b.
1189 1273 1318 1303 Sabban
1334 1273 1363 1303 b.
1381 1273 1488 1313 Sajjar
1504 1269 1626 1316 dicunt)
1647 1272 1825 1303 Ohtsmano
1853 1273 1880 1302 b.
1908 1271 2025 1301 Ahffan

235 1344 367 1379 nuptam
407 1339 528 1370 medico
565 1347 722 1368 venenum
750 1339 781 1367 in
807 1336 1040 1367 medicamento
1075 1336 1155 1366 clam
1192 1336 1416 1377 immiscuisse,
1452 1345 1515 1376 quo
1550 1340 1730 1366 necaretur.
1783 1335 1868 1364 Ante
1895 1337 2027 1363 mortem

235 1402 359 1433 dixisse
385 1402 504 1433 fertur:
543 1401 606 1432 Ad
631 1406 800 1441 patrem
826 1399 977 1431 Salimi
1011 1399 1059 1429 de
1088 1407 1146 1427 me
1173 1397 1410 1437 epistolam
1437 1397 1603 1437 perferz
1644 1398 1699 1427 Tu
1727 1406 1776 1427 ne
1805 1396 1863 1426 sis
1891 1395 2028 1426 homi-

233 1474 325 1495 num
352 1464 641 1504 propinquior
668 1463 877 1494 dedecori
909 1471 1044 1501 neque
1077 1464 1240 1490 centum
1268 1460 1486 1501 stragulis
1520 1465 1655 1491 tectos
1683 1460 1906 1499 (camelos)
1928 1456 1956 1501 2)
1983 1459 2027 1488 ab

233 1527 290 1557 iis
321 1527 504 1566 accipe3
541 1525 618 1555 sed
646 1526 932 1556 Manthsurum
959 1524 988 1554 b.
1016 1522 1167 1562 Sajjar
1201 1523 1352 1563 gladio
1387 1527 1458 1553 tuo
1485 1518 1683 1563 percute!
1737 1523 1806 1561 Quo
1834 1525 1941 1554 occiso
1968 1521 2028 1551 ho—

238 1589 338 1620 mines
366 1593 473 1619 autem
504 1588 672 1620 dixerunt:
700 1587 911 1627 Opprobrium
937 1587 1080 1626 ipsorum
1110 1586 1300 1617 deleverunt
1316 1583 1355 1629 ³).
1407 1587 1509 1617 Poeta
1535 1587 1697 1617 Alcomait
1721 1587 1750 1617 b.
1778 1586 1913 1616 Mahruf
1933 1586 2026 1616 istam

233 1662 300 1682 rem
335 1652 515 1691 respiciens
550 1651 628 1680 dixit
662 1650 773 1688 (metr.
806 1649 971 1688 ThawiD:
1011 1650 1074 1679 Ne
1109 1648 1281 1679 multum
1318 1648 1546 1679 clamorem
1585 1651 1626 1680 in
1663 1658 1710 1680 ea
1745 1659 1788 1679 re
1827 1649 2024 1687 tollatis3

234 1725 321 1745 nam
348 1714 536 1756 gladius
565 1713 698 1742 omnia
725 1711 998 1742 Ebu-Darahi
1029 1711 1164 1740 verba
1190 1711 1359 1741 delevit
1378 1708 1418 1754 4).
1470 1713 1634 1743 Somailus
1662 1722 1787 1753 quoque
1814 1711 1892 1741 dixit
1918 1708 2026 1753 (metr.

235 1773 360 1818 Sarih):
388 1777 481 1816 Ego
497 1774 763 1811 Somailsum,
790 1772 1053 1803 Ebn-Darahi
1078 1774 1260 1803 occisor
1287 1778 1327 1804 et
1353 1783 1567 1804 removens
1595 1773 1845 1815 ignominiam
1865 1777 2023 1813 agente

233 1839 438 1879 Fesarah7
476 1843 560 1869 tum
587 1837 724 1868 occisi
758 1838 861 1867 eius
896 1838 1072 1876 pretium
1109 1836 1341 1869 iuvencum
1376 1838 1573 1868 camelum
1607 1837 1695 1868 feci
1729 1836 1857 1876 (cons.
1887 1835 2026 1868 Meidan.

233 1903 269 1932 Τ.
298 1902 336 1931 11.
365 1913 393 1942 p.
424 1900 536 1940 6230.

1013 1994 1244 2029 CXXXV·

767 2059 908 2095 Dixit
929 2061 1251 2095 Basehamah
1275 2061 1321 2095 b.
1343 2061 1503 2095 Hasn-

333 2133 556 2163 Abu—Hilalus
586 2133 684 2174 dixit,
712 2132 793 2163 duos
820 2137 934 2173 poetas
961 2142 1038 2163 esse
1063 2141 1178 2163 nomen
1204 2133 1407 2164 Baschamah
1434 2138 1599 2174 gerentes.
1653 2134 1811 2173 Alterum,
1839 2133 1936 2164 filium
1962 2135 2024 2165 Al-

237 2196 377 2237 ghadiri,
404 2196 531 2225 nomine
545 2196 668 2226 Alimru
694 2196 724 2225 b.
753 2196 839 2225 Hilal
865 2197 895 2226 b.
925 2195 1024 2226 Sahm
1050 2196 1080 2225 b.
1108 2195 1239 2226 Morrali
1265 2197 1294 2226 b.
1323 2195 1412 2226 Auhf
1437 2196 1466 2225 b.
1494 2190 1586 2226 Sahd'
1611 2196 1640 2225 b.
1668 2195 1812 2236 Dsobjan
1837 2195 1921 2226 hunc
1946 2205 2024 2226 ver-

237 2269 310 2289 sum
338 2258 462 2289 dixisse
499 2258 605 2297 (metr.
637 2259 858 2299 Motakarib):
897 2259 1121 2289 Mulierem
1157 2257 1350 2288 Omamah
1388 2258 1522 2298 longa
1559 2258 1758 2289 absentia
1793 2258 1950 2300 fugisti
1984 2263 2025 2288 et

253 2365 281 2398 1)
300 2366 380 2391 Talia
398 2368 464 2390 vota
482 2367 571 2390 facere
589 2365 713 2389 solebant
732 2363 760 2395 ii,
779 2363 873 2394 quihus
892 2363 1040 2387 ulciscendi
1059 2362 1176 2386 officium
1195 2360 1345 2390 impositum
1365 2364 1432 2384 crat.

248 2432 280 2464 2)
298 2434 399 2458 Beatus
420 2434 452 2457 de
469 2434 578 2463 Sacyus
598 2431 747 2462 exemplari
765 2437 815 2454 suo
833 2429 994 2460 adscripsit:
1012 2415 1097 2459 ωέ
1122 2433 1166 2451 res
1185 2426 1280 2455 gravis
1299 2429 1323 2449 et
1341 2427 1494 2452 universam
1512 2429 1619 2459 gentem
1637 2426 1789 2450 involvens.

251 2495 282 2527 8)
300 2496 392 2520 Verba
410 2489 520 2536 ρμίύὶ
548 2502 600 2536 0⁸²
617 2488 683 2532 ’,ἐ
709 2489 737 2519 in
754 2494 866 2519 scholiis
884 2493 1004 2523 elliptice
1023 2492 1094 2515 dicta
1111 2493 1183 2515 sunt.
1210 2491 1335 2522 suppleri
1353 2494 1441 2522 potest
1458 2483 1536 2532 )Laeli
1554 2491 1667 2516 dedecus
1692 2491 1748 2514 vel
1767 2483 1829 2532 3)ῗύ
1856 2482 1910 2530 0²³5
1935 2480 1974 2518 ,35
2001 2482 2025 2512 la

300 2552 389 2575 conf.
408 2558 474 2581 quae
493 2556 652 2581 sequuntur.

250 2605 282 2636 4)
296 2605 385 2629 Verba
406 2597 457 2628 h?
485 2608 536 2629 ete.
553 2605 580 2629 in
598 2606 769 2635 proverqum
789 2607 924 2629 venerunt
948 2604 1040 2629 conf.
1060 2602 1137 2627 Meid.
1157 2601 1187 2626 C.
1204 2601 1251 2632 24,
1272 2601 1333 2625 107.
