2247 2865
1021 109 1294 142 —180—

262 210 296 239 5.
317 210 364 239 Et
383 219 438 238 vos
458 209 671 245 contendistis,
694 208 783 237 nobis
802 209 1004 246 prudentiam
1025 217 1089 238 non
1110 219 1197 247 esse;
1219 210 1353 239 baculus
1374 211 1526 248 prudenti
1544 212 1698 249 pulsatus
1719 215 1769 241 est
1778 214 1815 247 ¹).

264 289 331 330 (Ι).
354 286 455 329 95.)
506 293 583 323 Vox
613 304 666 339 ρει)-
696 292 725 321 in
752 292 846 321 rebus
875 290 966 320 falsis
995 295 1050 321 aut
1075 291 1169 322 dubio
1197 292 1340 323 obnoxiis
1366 293 1503 324 maxime
1528 294 1706 324 adhibetur.
1734 295 1827 324 Hanc
1856 295 1894 325 ob
1922 303 2054 326 causam

265 355 336 414 ,25ss
363 377 419 407 pro
447 360 552 405 »4563
580 364 742 409 (mentitus
773 361 844 407 suit)
873 364 1038 395 adhibetur
1072 370 1104 395 et
1138 366 1272 399 dieitur:
1301 379 1376 413 ,eja
1395 371 1454 411 ἐμὲ
1482 366 1509 405 3
1537 381 1590 417 ff)
1624 370 1832 408 „concupivit
1869 379 1936 399 rem
1970 368 2055 400 haud

265 430 587 470 concupiscendam«.
638 428 799 458 Particula
825 428 864 472 Οἵ
889 427 920 457 in
946 427 1053 457 verbis
1082 423 1120 456 ω
1147 427 1247 469 Λρλ>
1273 426 1293 458 75
1320 427 1359 475 Ul
1391 435 1461 460 orta
1497 436 1547 461 est
1585 431 1709 462 abiecto
1748 432 1838 473 signo
1874 431 2055 461 'Peschdidi.

264 494 382 523 Dicere
408 494 495 523 vult:
526 489 563 520 La]
592 489 690 532 4712
716 488 740 519 §5
767 490 820 529 2235,
845 491 889 520 ita
916 494 948 520 ut
974 499 1149 529 pronomen
1175 502 1187 519 ις
1215 501 1389 530 pronomen
1418 494 1465 521 rei
1493 492 1621 530 (Grani.
1642 494 1740 524 Arab.
1761 494 1800 532 11,
1822 493 1924 533 372.)
1952 493 1995 523 sit
2022 498 2056 523 et

263 558 365 588 verba
391 553 710 597 202l>75praedicati
737 554 841 584 locum
869 557 1011 583 teneant.
1040 553 1149 584 Verba
1174 553 1233 583 hoc
1261 552 1389 582 valent:
1417 553 1567 594 Dixistis,
1594 564 1657 584 rem
1684 564 1755 585 esse
1782 557 1813 584 in
1841 564 1878 584 eo
1906 555 2055 595 positam,

264 620 348 661 quod
375 620 466 649 nobis
491 619 651 659 ingenium
676 618 770 647 desit.
797 618 840 647 Et
866 617 891 647 si
918 626 971 646 res
999 617 1072 647 talis
1100 621 1161 654 est,
1188 614 1312 654 qualem
1341 615 1478 653 dixistis,
1507 625 1566 645 nos
1596 616 1866 657 commonefacite,
1894 626 1966 647 nam
1982 617 2054 646 Ah-

264 682 358 711 mirus
385 681 414 710 b.
444 679 607 710 Althsarib
632 679 747 709 baculo
774 678 921 719 pulsato,
959 687 1048 717 quum
1084 677 1294 718 grandaevus
1321 687 1340 707 a
1366 682 1456 707 recto
1490 678 1522 707 in
1555 678 1667 709 iudicio
1694 679 1826 709 ferendo
1853 679 2055 719 deflecteret,

264 743 537 775 commonefiebat.
572 743 664 772 Haec
691 747 797 772 autem
824 741 925 770 verba
952 740 1084 770 ludibrio
1112 743 1183 770 sunt
1209 738 1285 783 (sed
1312 740 1404 781 legas
1428 745 1480 768 aaa
1507 737 1626 783 ΛΚΕ-ι)
1652 741 1672 769 i.
1701 750 1730 770 e.
1757 750 1819 771 vos
1846 742 1938 771 nobis
1965 741 2056 771 obie—

262 809 368 850 cistis,
395 818 454 838 nos
482 817 558 838 esse
585 806 752 848 insipidos3
793 805 851 835 sed
887 805 977 834 nobis
1010 802 1111 833 verba
1137 803 1291 842 implicita
1318 804 1388 833 loco
1416 804 1584 834 verborum
1614 804 1698 834 clare
1725 806 1944 844 expositorum
1972 810 2055 846 sunt,

263 871 525 912 quemadmodum
552 870 696 900 haculum
723 869 842 908 pulsari
869 870 1039 908 ingenioso
1064 864 1193 895 sufficit.
1223 865 1272 894 De
1291 865 1360 893 viro
1380 865 1557 905 ingenioso,
1586 866 1637 895 cui
1659 866 1791 895 baculus
1808 867 1956 905 pulsatus
1982 867 2055 907 fuit,

264 933 465 964 dissentiunt.
493 933 698 961 lemanenses
714 929 918 969 contendunt,
938 929 1041 958 virum
1056 927 1232 957 Ahmruum
1249 928 1277 956 b.
1295 928 1474 957 Homamah
1488 927 1655 957 Dausitam
1670 927 1784 956 fuisse.
1812 928 1867 957 Sic
1882 927 2057 958 Schahbita

263 995 478 1026 Ebu-Alinasi
507 994 587 1034 (leg.
616 997 692 1032 puto
709 990 801 1032 Uul-41:
820 991 970 1029 Ahbbas)
999 990 1191 1020 auctoritate
1219 990 1314 1018 nixus
1344 989 1460 1019 retulit.
1490 988 1582 1020 Gens
1609 989 1746 1019 Modhar
1776 1000 1843 1020 rem
1869 990 2000 1020 Ahmiro
2026 990 2056 1020 b.

263 1057 429 1088 Althsarib
446 1055 670 1086 Ahdwanitani
686 1054 848 1083 vendicat.
876 1054 969 1082 Hunc
987 1057 1082 1091 poeta
1106 1051 1308 1082 Dsul-Izbali
1326 1051 1580 1090 (Abdhwanita)
1608 1052 1717 1081 verbis
1744 1052 1812 1082 suis
1840 1051 2053 1093 significavit:

264 1121 373 1159 (metr.
389 1118 531 1158 Hesedj)
559 1118 617 1147 Ex
643 1117 693 1146 iis
722 1116 880 1146 arbiter
907 1120 995 1152 est,
1024 1114 1091 1154 qui
1118 1113 1318 1143 iudicium
1346 1112 1447 1152 sert5
1477 1112 1690 1152 iudicium,
1720 1112 1827 1152 quod
1855 1112 1946 1154 fert,
1975 1121 2056 1142 non

264 1181 505 1221 abrogatur.
537 1178 628 1209 Gens
644 1178 768 1207 Rabiah
785 1187 850 1206 rem
872 1177 933 1206 sibi
959 1176 1110 1206 vendicat
1136 1175 1256 1215 dicens,
1283 1175 1387 1204 virum
1403 1174 1504 1204 fuisse
1519 1174 1597 1203 Kais
1615 1174 1642 1205 Ι),
1662 1173 1785 1204 Chaled
1802 1174 2054 1216 Schaibanitam,
2078 1207 2085 1215 ,Α

262 1242 315 1281 qui
342 1252 425 1271 avus
453 1241 609 1271 Bistliami
634 1241 663 1269 b.
691 1240 770 1268 Rais
797 1239 826 1268 b.
857 1237 998 1268 Masuhd
1024 1237 1053 1266 b.
1083 1236 1204 1266 Chaled
1233 1241 1312 1266 erat.
1348 1235 1438 1266 Gens
1465 1235 1654 1265 Banu-Kais
1678 1235 1706 1264 b.
1736 1235 1918 1265 'l'sahlabah
1944 1235 2054 1266 Sahdo

263 1306 291 1339 b.
318 1306 426 1335 Maleo
454 1305 482 1335 b.
507 1303 674 1334 Dhobaiah
701 1313 767 1332 rem
795 1302 944 1331 attribuit.
972 1300 1054 1340 Res,
1079 1310 1160 1339 quae
1187 1300 1328 1329 Ahmruo
1356 1299 1383 1328 b.
1411 1298 1591 1327 Homamah
1622 1303 1654 1327 et
1681 1298 1811 1327 Ahmiro
1837 1298 1866 1329 b.
1888 1297 2054 1328 Althsarib

263 1369 345 1409 (leg.
370 1363 485 1411 sqjldzli)
514 1366 712 1406 adscribitur,
741 1364 853 1394 eodem
881 1364 973 1393 niodo
1004 1364 1106 1392 relata
1133 1366 1192 1392 est.
1229 1362 1406 1401 Utrumque
1433 1362 1585 1391 arbitrum
1613 1362 1694 1391 inter
1722 1362 1848 1391 Arabes
1876 1361 1986 1401 fuisse,
2014 1360 2054 1391 ad

263 1440 356 1470 quem
380 1431 410 1459 in
439 1430 521 1459 omni
547 1439 581 1459 re
608 1429 701 1458 dubia
727 1437 763 1457 se
790 1426 982 1457 conferrent.
1010 1425 1079 1455 Res
1107 1425 1146 1454 de
1173 1425 1313 1454 Ahmruo
1341 1425 1369 1454 b.
1398 1424 1571 1454 Iloinainah
1600 1425 1701 1454 relata
1728 1424 1809 1454 inter
1826 1425 1950 1454 Arabes
1977 1424 2055 1454 vul-

262 1493 367 1534 gatior
394 1497 453 1522 est.
502 1492 663 1521 Arabibus
701 1490 740 1519 ad
771 1499 844 1518 euin
872 1493 1021 1526 tanquam
1048 1487 1198 1516 arbitrum
1227 1486 1490 1515 convenientibus
1519 1494 1612 1523 quum
1647 1484 1854 1525 grandaevus
1882 1485 1913 1515 in
1938 1484 2053 1515 iudicio

262 1556 392 1586 ferendo
421 1564 560 1584 errorem
589 1544 825 1591 commisisset,
855 1552 919 1581 lilia
946 1551 1041 1580 dixit:
1081 1550 1130 1578 Tu
1158 1550 1187 1578 in
1217 1549 1330 1578 iudicio
1359 1553 1413 1577 tuo
1441 1547 1595 1577 interdum
1623 1557 1724 1577 erras.
1763 1549 1795 1577 Is
1824 1552 1931 1578 autem
1953 1547 2052 1578 dixit:

263 1618 298 1647 Si
322 1627 389 1646 rem
417 1617 512 1646 talem
540 1614 612 1645 mihi
639 1613 790 1644 accidisse
809 1612 911 1649 vides,
937 1611 1081 1641 baculum
1109 1605 1216 1649 pulsa!
1246 1609 1504 1648 Quotiescunque
1524 1609 1620 1649 igitur
1636 1609 1783 1639 baculum
1800 1609 1959 1648 pulsabat,
1986 1617 2054 1638 rem

261 1679 431 1710 intellexit.
461 1677 543 1707 Rem
571 1681 690 1716 autem,
717 1684 811 1715 quam
840 1683 922 1714 gens
948 1673 1028 1702 Kais
1056 1673 1085 1702 b.
1114 1671 1296 1701 'rsahlabah
1323 1672 1382 1701 sibi
1410 1672 1587 1713 arrogavit,
1616 1672 1713 1701 talem
1740 1675 1878 1702 narrant.
1913 1671 2053 1702 Primum

262 1742 315 1782 qui
338 1741 484 1771 baculum
513 1738 702 1778 pulsaverit,
721 1736 863 1766 Sahdum
890 1736 919 1764 b.
948 1735 1056 1765 Maleo
1082 1735 1110 1764 b.
1127 1734 1293 1764 Dhobaiah
1309 1735 1337 1764 b.
1353 1734 1432 1764 Kais
1454 1735 1482 1764 b.
1498 1734 1681 1764 Tsahlabah
1707 1734 1810 1764 fuisse
1838 1735 1938 1773 (conf.
1953 1733 2052 1763 Meid.

263 1803 293 1842 1,
325 1803 433 1841 146.).
471 1800 577 1830 Fratri
602 1809 662 1829 suo
690 1800 829 1828 Ahmruo
854 1798 883 1827 b.
912 1797 1008 1827 Malic
1036 1806 1108 1826 eum
1137 1796 1278 1825 baculum
1306 1797 1478 1837 pulsasse,
1512 1806 1604 1835 quum
1630 1796 1758 1826 Sahdus
1786 1797 1857 1837 regi
1882 1796 2051 1826 Nolimano

261 1875 333 1896 cum
362 1864 540 1904 equitibuS,
577 1872 709 1902 quorum
738 1870 811 1900 pars
839 1857 1051 1899 ducerentur,
1088 1868 1162 1897 pars
1191 1859 1258 1888 sine
1285 1858 1433 1896 capistris
1463 1857 1603 1897 neglecti
1636 1856 1830 1898 incederent,
1858 1860 2051 1888 occurreret.

261 1929 496 1958 Advenientem
523 1936 618 1966 quum
645 1925 836 1955 Nohinanus
864 1923 903 1953 de
931 1932 1029 1952 causa
1056 1925 1244 1960 quaereret,
1276 1918 1458 1958 respondit,
1496 1927 1533 1947 se
1561 1918 1630 1947 illos
1658 1927 1720 1946 nou
1747 1917 1900 1958 duxisse,
1935 1913 1971 1948 'ut
1996 1926 2053 1949 eos

260 1990 428 2028 impediret
454 1989 517 2028 (sc.
545 1998 564 2017 a
593 1988 705 2027 pastu)
733 1991 765 2016 et
793 1995 848 2015 eos
878 1985 1017 2023 capistro
1045 1983 1194 2013 incedere
1222 1991 1283 2011 non
1320 1982 1461 2021 sivisse,
1499 1985 1533 2010 ut
1571 1989 1629 2009 eos
1667 1980 1838 2010 amitteret.
1888 1980 1967 2010 Tum
1993 1989 2052 2009 rex

259 2050 449 2080 Nohmanus
477 2058 545 2078 eum
574 2048 613 2077 de
640 2052 736 2085 terra,
764 2056 856 2086 quam
886 2045 1052 2084 incoleret,
1081 2044 1304 2084 interrogavit,
1331 2052 1405 2072 num
1423 2051 1492 2072 eam
1512 2043 1633 2082 pluvia,
1662 2042 1754 2072 cuius
1772 2044 1952 2083 vestigium
1978 2041 2052 2071 lau-

260 2112 409 2150 daretur,
443 2116 497 2141 aut
523 2113 613 2142 cuius
640 2110 772 2140 arbores
801 2110 882 2138 bene
912 2108 1035 2148 rigatae
1063 2110 1194 2144 essent,
1221 2105 1408 2135 adfecisset.
1448 2104 1642 2143 Respondit:
1680 2104 1795 2133 Pluvia
1822 2108 1874 2133 est
1900 2104 1992 2144 larga
2018 2106 2052 2133 et

260 2175 335 2205 solia
363 2174 402 2203 de
429 2183 513 2203 novo
541 2177 752 2203 succrescunt
782 2176 815 2201 et
842 2171 943 2200 macie
971 2169 1117 2199 confecta
1143 2158 1198 2197 est‘
1220 2167 1360 2206 vigilans
1389 2169 1420 2195 et
1447 2165 1559 2194 debilis
1579 2169 1631 2194 est
1657 2165 1786 2204 satiata,
1814 2163 1993 2203 dormiens3
2019 2167 2052 2194 at

260 2239 377 2276 terrae,
398 2234 449 2264 ubi
476 2234 600 2272 plantae
625 2240 701 2278 w)
729 2233 931 2273 proveniunt,
958 2235 1051 2270 prata
1080 2229 1209 2268 impleta
1235 2233 1310 2259 suut
1336 2233 1368 2258 et
1384 2229 1464 2258 latus
1482 2227 1641 2257 madidum
1658 2232 1719 2257 est.
1745 2227 1807 2256 Pro
1822 2234 1903 2255 voce
1924 2222 2050 2264 Lysia>

260 2293 420 2327 invenitur
447 2292 571 2335 kefin-5⁸>
602 2294 692 2324 »loca
712 2294 824 2324 altiora
840 2296 946 2323 eius«.
974 2293 1126 2322 Planities
1142 2297 1216 2322 sunt
1230 2296 1359 2332 stagna,
1382 2300 1463 2329 quae
1485 2300 1546 2320 nou
1574 2290 1791 2332 adscendunt3
1820 2298 1901 2319 oves
1928 2298 2049 2327 parvae

261 2358 365 2390 taedio
394 2362 506 2397 captae
532 2365 593 2385 non
621 2360 753 2386 cessant
779 2355 891 2385 dentes
919 2355 1114 2395 denundare,
1142 2363 1235 2394 quum
1256 2355 1346 2384 bonis
1367 2354 1524 2384 fruuntur.
1550 2354 1738 2384 Nohmanus
1755 2356 1863 2382 autem
1884 2349 1955 2379 odio
1976 2360 2048 2380 eum

262 2420 383 2450 liabens
408 2419 447 2448 ob
474 2427 579 2448 acrem
605 2417 746 2458 linguam
773 2417 868 2448 dixit:
896 2417 958 2446 Per
984 2421 1107 2455 patrem
1131 2420 1230 2453 tuum,
1256 2420 1290 2445 tu
1318 2416 1435 2454 loquax
1463 2426 1520 2455 es3
1550 2416 1631 2457 sed,
1659 2416 1687 2446 si
1713 2415 1785 2455 vis,
1813 2422 1880 2443 rem
1909 2412 1962 2442 tibi
1989 2413 2049 2443 ad·-

261 2482 373 2517 feram,
401 2481 492 2511 cuius
518 2488 709 2520 responsum
725 2487 786 2508 non
802 2478 945 2508 habebis.
973 2478 1064 2508 Dixit
1090 2477 1190 2510 alter:
1217 2475 1315 2518 volo,
1341 2477 1369 2506 si
1398 2477 1523 2507 modum
1539 2487 1601 2507 non
1622 2476 1767 2517 excedis,
1795 2479 1827 2504 et
1845 2474 2047 2514 longinquius

278 2588 307 2619 1)
327 2589 383 2612 Hoc
402 2588 425 2612 in
447 2594 524 2612 versu
543 2588 685 2611 verborum
705 2586 882 2611 contumelias
901 2585 964 2616 ipsis
983 2585 1076 2610 illatas
1095 2585 1232 2610 describit.
