2247 2865
988 82 1258 114 -538—

228 180 292 220 (ῃ.
309 179 444 217 3⁰2.)
473 184 662 220 secessisse,
689 183 773 213 illum
787 192 964 222 numerum,
992 191 1084 221 quem
1112 186 1220 213 contra
1244 188 1374 224 gentem
1388 183 1466 213 Thai
1483 183 1567 214 haud
1583 183 1794 215 sufficientem
1812 188 1949 227 putaret,
1976 185 2016 218 ad

229 246 534 277 Ebii-Hobairahum
567 246 705 275 misisse.
735 245 779 275 Se
810 243 1039 283 (Mahdanum)
1067 248 1172 274 autem
1199 245 1239 276 ad
1254 245 1477 276 Kahtabahum
1497 247 1621 277 litteras
1649 248 1777 277 misisse
1802 257 1871 278 eum
1899 249 2018 289 legato,

229 309 280 349 qui
296 319 368 339 eum
395 309 425 338 in
453 308 567 348 oppido
596 305 788 338 Nehaweud
815 307 997 350 inveniret„
1014 305 1087 336 dum
1114 308 1277 337 exercitus
1294 307 1495 338 Nehawendi
1523 313 1624 338 esset.
1677 309 1766 339 lllum
1793 311 2017 349 rescripsisse,

229 381 266 401 se
285 372 409 401 omnino
426 372 611 411 probantem
628 370 805 409 consilium,
833 369 861 398 si
874 369 944 408 ipse
958 368 1072 399 Cufam
1087 368 1245 408 venisset,
1273 371 1446 399 exercitum
1473 371 1646 399 missurum
1664 380 1749 400 esse.
1781 363 1885 408 Quum
1911 376 2019 401 autem

229 434 438 464 Kahtabahns
465 434 602 464 victoria
631 434 752 473 potitus
780 433 908 462 occisus
936 437 1038 472 esset,
1066 441 1102 461 se
1130 440 1199 461 cum
1227 429 1374 460 ducentis
1403 433 1560 470 equitibus
1590 442 1606 462 e
1635 438 1731 473 gente
1759 433 1838 464 Thai
1865 433 1904 463 ad
1924 434 2018 464 Abu—

229 491 597 526 l'AhbbasumAlsaffah
624 495 768 526 chalifam
795 500 936 525 creatum
965 504 1002 524 se
1018 494 1194 523 contulisse
1221 494 1360 534 (factum
1389 500 1445 525 esb
1469 506 1550 525 anno
1582 497 1648 526 132
1677 497 1760 536 apud
1781 497 1893 527 Cufam
1909 497 2017 527 Abutf.

230 558 268 588 Τ.
295 559 318 587 Ι.
345 568 376 597 p.
396 558 509 598 480).
562 559 612 588 Ab
640 559 700 589 hoc
728 564 834 588 autem
861 568 898 588 se
927 557 1038 599 viginti
1064 556 1200 586 millibus
1227 556 1458 598 drachmarum,
1484 564 1580 589 veste
1607 561 1795 600 augustiore
1817 557 1841 600 ¹]
1869 564 1901 591 et
1926 570 2019 601 equo,

229 629 291 660 quo
317 621 492 652 veheretur
519 621 667 652 donatum
695 631 790 661 esse,
818 621 980 650 sociorum
1010 618 1181 658 quemlibet
1206 624 1354 648 trecenas
1382 619 1551 650 drachmas
1579 622 1758 663 accepisse,
1787 624 1932 662 exceptis
1961 624 2019 653 tri-

230 683 319 724 ginta
352 684 521 724 personis,
559 684 672 723 quibus
702 683 880 724 quingenae
908 687 940 712 et
971 682 1084 711 decem
1111 681 1211 722 viris,
1248 682 1362 720 quibus
1398 683 1544 713 millenae
1579 683 1672 714 datae
1708 690 1829 715 essent.
1883 685 2019 717 Gentem

230 756 319 777 suam
343 756 443 786 neque
470 757 488 777 a
514 748 682 777 Merwano
709 750 763 776 aui>
790 746 858 776 eius
887 746 1031 775 exercitu
1058 748 1114 773 aut
1141 743 1312 782 praefectis
1340 755 1401 774 uno
1430 748 1551 776 camelo
1579 748 1632 777 vel
1660 758 1722 778 ove
1749 750 1906 788 privatam
1936 760 2022 788 esse,

230 818 330 848 seque
358 809 490 848 primum
518 809 638 850 fuisse,
666 811 718 848 qui
743 810 774 838 in
801 818 872 838 eum
899 808 1047 837 ultionem
1077 807 1233 835 obtineret
1261 812 1292 837 et
1319 808 1406 848 genti
1435 809 1668 839 Mohammedis
1697 820 1787 849 opem
1815 812 1930 852 ferret,
1961 812 2018 842 do-

230 880 290 901 nec
318 871 357 901 ad
386 866 498 911 'ipsum
532 873 640 902 socius
667 871 896 901 Kahthebahus
926 872 955 901 b.
982 871 1121 900 Schabib
1149 870 1177 899 b.
1205 869 1327 900 Chated
1355 870 1383 899 b.
1411 870 1551 900 Mahdau
1586 873 1780 910 pervenerit.
1830 873 1910 903 'l'um
1939 879 2024 904 tem-

231 933 317 973 poris
346 943 472 973 quoque
500 933 785 963 Ahbd-Ahsisum
814 934 842 963 b.
870 933 1093 962 Abi-Dahbal
1122 932 1332 972 Djahfaritam
1367 932 1406 962 ad
1434 933 1542 973 ipsos,
1579 936 1670 963 cuius
1712 935 1862 963 avunculi
1898 940 2022 975 essent,

230 996 346 1025 bellum
374 997 538 1026 timentem
566 996 766 1036 confugisse.
820 995 1126 1026 Ahbd-Alahsisus
1169 1000 1276 1025 autem
1303 995 1353 1024 ille
1382 995 1577 1025 Mahdanum
1606 995 1785 1036 fragmento
1814 998 1923 1036 poesis
1952 999 2022 1028 lau-

231 1057 321 1088 davit
348 1059 454 1097 (metr.
476 1059 639 1098 '1¹hawi1J:
667 1059 762 1096 vir,
792 1060 912 1088 cuius
939 1058 1179 1088 avunculus
1207 1056 1445 1086 Mahdanus
1475 1058 1801 1100 est5iube1107
1829 1061 2020 1098 quoties-

231 1129 393 1160 cunque
420 1122 583 1151 caeteri
611 1130 759 1151 omnes
787 1121 903 1150 lassi
934 1119 1108 1160 sedent,
1149 1120 1254 1150 bene
1290 1118 1500 1149 defensus
1535 1124 1613 1149 est.
1666 1121 1826 1152 Proelium
1853 1123 1928 1153 illud
1954 1124 2023 1154 loco

231 1182 445 1213 Almontahab
473 1185 678 1213 commissum
709 1185 816 1213 multis
845 1183 996 1213 versibus
1024 1183 1219 1213 celebratum
1248 1187 1308 1212 est.
1362 1181 1597 1213 Grammaticus
1625 1180 1825 1215 Abu-l'Ahla
1852 1186 1890 1216 ad
1916 1188 2023 1226 expli-

232 1245 364 1275 candam
392 1255 504 1275 vocem
531 1244 680 1293 &La-33,
708 1255 790 1285 quae
816 1246 845 1275 in
872 1254 969 1275 versu
996 1245 1089 1274 Ham.
1118 1255 1148 1284 p.
1176 1246 1233 1274 ΡΨ·
1259 1244 1278 1273 l.
1309 1243 1362 1273 13.
1391 1244 1544 1284 occurrit,
1575 1244 1672 1284 dixit,
1700 1241 1826 1286 signum
1853 1248 2024 1279 Tcschdidi

231 1309 323 1339 metri
349 1319 448 1340 causa
474 1312 625 1341 omissum
650 1321 725 1341 esse
752 1316 784 1341 et
814 1310 1041 1352 grammaticos
1069 1308 1099 1336 in
1127 1306 1364 1346 ethymologico
1391 1306 1570 1345 explicandi
1598 1307 1687 1337 modo
1724 1308 1902 1340 dissentire.
1957 1312 2023 1342 Aut

232 1394 250 1414 a
277 1385 424 1425 coniugio
449 1401 507 1427 μ’,
536 1390 590 1416 aut
618 1396 636 1416 a
663 1386 782 1427 gaudio
801 1370 868 1430 ἆῤ,
895 1385 926 1415 id
953 1384 1036 1424 quod
1064 1381 1305 1424 praeferendum
1332 1381 1386 1421 sit,
1414 1381 1575 1421 derivari,
1600 1383 1750 1421 siquidem
1778 1384 1925 1424 gaudium
1944 1402 2024 1432 „5⁴-

231 1461 358 1489 nomine
388 1444 432 1504 :⁴1⁴
467 1462 657 1501 appellatum
693 1463 744 1491 sit.
807 1461 861 1491 Sic
894 1461 925 1490 in
959 1458 1131 1489 Tharafahi
1165 1466 1265 1486 versu
1302 1456 1411 1493 (metr.
1440 1456 1593 1495 Ramal):
1636 1458 1878 1489 Redimatur
1913 1470 2021 1501 gens

233 1522 339 1551 Kais
368 1527 449 1552 tam
477 1529 655 1563 propter
682 1524 889 1566 gaudium
917 1532 1036 1563 quam
1065 1523 1229 1560 propter
1248 1529 1407 1560 noxam>
1435 1521 2021 1559 quibushominesadi'iciun-

233 1583 318 1615 tur!
372 1584 575 1622 Quamdiu
604 1587 728 1626 pedes
756 1587 829 1617 mei
857 1585 1061 1626 pauperis
1090 1583 1200 1612 modo
1228 1592 1274 1611 se
1303 1588 1486 1623 gerunt,
1524 1593 1541 1611 o
1569 1593 1686 1623 quam
1715 1584 1883 1623 pulchri
1910 1592 2023 1624 sunt,

234 1648 299 1686 qui
340 1657 514 1688 operam
552 1650 667 1691 dant,
711 1654 750 1680 ut
785 1649 989 1679 beneficia
1026 1640 1280 1677 conferant!
1334 1646 1447 1675 Plures
1485 1651 1652 1685 praeterea
1689 1648 1781 1677 vocis
1815 1648 2023 1686 explicandae

232 1710 345 1740 modos
374 1711 499 1741 adtulit.
552 1712 585 1740 ln
613 1721 707 1742 versu
736 1716 839 1741 autem
867 1711 885 1740 l.
922 1711 973 1740 17.
1002 1719 1117 1739 vocem
1145 1713 1221 1758 &³27¹-
1249 1708 1463 1748 relinquendi,
1504 1719 1585 1747 quae
1612 1710 1807 1750 significatio
1835 1720 1904 1739 raro
1932 1711 2023 1740 adhi-

232 1773 297 1803 bita
323 1773 384 1814 sit,
412 1773 678 1814 significationem
706 1774 823 1803 habere
850 1782 949 1812 posse
977 1772 1062 1802 dicit.
1114 1772 1200 1801 Esse
1228 1780 1372 1810 quoque,
1401 1772 1453 1809 qui
1481 1773 1510 1800 in
1540 1771 1656 1800 corani
1684 1772 1754 1800 loco
1782 1772 1874 1810 (Sur.
1903 1772 1961 1811 93,
1990 1773 2021 1803 3.

232 1835 321 1887 nti-2:35
349 1847 373 1876 ia
401 1849 448 1887 (in
475 1854 566 1878 textu
596 1849 712 1879 Corani
738 1838 836 1888 eia-3,
867 1853 1029 1887 receptum
1058 1843 1125 1888 est)
1156 1856 1236 1875 »non
1258 1851 1289 1876 te
1304 1846 1448 1884 reliquit«
1480 1846 1562 1883 etc.)
1591 1845 1698 1885 legant
1725 1849 1756 1876 et
1783 1856 1914 1877 versum
1932 1849 2024 1878 Abu-

298 1975 371 2002 erat,
399 1973 505 1996 iubente
527 1974 657 1997 lbrahlnto
681 1974 707 1996 in
734 1975 836 1996 lracam
860 1973 957 1996 missus
982 1975 1030 1996 est.
1058 1973 1149 1996 Abulf.
1171 1975 1236 1996 Anu.
1257 1973 1286 1996 Τ.
1305 1973 1324 1996 1.
1345 1979 1368 2002 ρ.
1388 1971 1451 1995 473.
1489 1974 1567 1995 Anno
1593 1976 1680 1996 autem
1701 1973 1754 1996 132
1774 1973 1946 1996 Kahtabahus
1965 1980 2024 1997 eum

299 2019 391 2041 Jasido
412 2026 534 2049 pugnans
554 2020 618 2043 vicit
637 2020 754 2049 quidem
772 2018 817 2043 sed
838 2019 938 2042 interiit
957 2019 992 2043 ib.
1012 2027 1036 2049 p.
1054 2019 1118 2042 450.

255 2062 283 2091 1)
304 2064 433 2093 Tempore
452 2069 513 2087 aute
533 2066 737 2088 Mnimuunedem
757 2072 818 2095 rex,
844 2066 866 2088 si
886 2072 960 2095 quem
980 2066 1082 2089 honore
1100 2066 1220 2095 echpere
1240 2065 1336 2093 vellet,
1365 2064 1509 2087 tentorium
1529 2071 1561 2086 ex
1581 2063 1655 2086 corio
1676 2064 1757 2088 rubro
1777 2065 1798 2088 ei
1819 2066 1922 2089 exstrui
1943 2066 2022 2089 iussit

300 2109 340 2131 lta
358 2109 512 2131 Nohmaum
533 2110 722 2133 Almosafirum
744 2112 966 2134 Abu>Ahmruum
986 2111 1130 2134 honoravit
1158 2110 1241 2138 (conf.
1262 2111 1338 2135 Citab
1357 2112 1489 2141 Alughan.
1510 2111 1542 2133 ad
1562 2111 1600 2133 tit.
1620 2111 1755 2141 Mosafir).
1791 2111 1862 2135 Idem
1882 2119 1930 2135 rex
1949 2115 2025 2136 Auso

299 2155 322 2179 h.
342 2155 466 2177 Haritsah
487 2160 588 2178 vestem
609 2157 758 2187 pretiosam,
778 2164 829 2187 qua.
848 2157 903 2186 ipse
923 2157 1035 2180 vestitus
1055 2157 1160 2187 fuerat,
1180 2161 1208 2180 ut
1227 2164 1284 2180 eum
1304 2158 1406 2181 honore
1424 2157 1567 2181 adficeret.
1587 2157 1657 2179 dono
1677 2157 1747 2179 dedit
1766 2156 1852 2187 (conf.
1873 2157 2024 2182 Chrestom-

301 2215 382 2232 ineam
402 2216 511 2239 gramm.
530 2210 625 2234 histor.
645 2218 671 2239 p.
689 2205 745 2248 ἧδ’).
772 2212 846 2234 Voce
864 2204 961 2244 ζέε-λὰ,
980 2212 1084 2242 origine
1110 2212 1295 2236 vestimentum
1320 2212 1485 2242 designante,
1506 2213 1597 2239 postea
1622 2210 1809 2234 vestimentum
1828 2211 2025 2240 appellabatur,

299 2271 351 2294 quo
371 2265 495 2293 princeps
515 2264 623 2287 honoris
643 2270 725 2287 causa
743 2265 855 2294 aliquem
876 2266 1000 2289 dounbat.
1037 2265 1095 2297 Quo
1116 2266 1250 2289 veteriore
1270 2269 1387 2294 tempure
1406 2265 1502 2287 dunum
1523 2264 1546 2286 id
1572 2264 1693 2292 dabatur,
1713 2271 1743 2286 eo
1763 2264 2022 2293 simplicius-donum

299 2314 364 2333 erat.
384 2311 480 2333 Postea
491 2317 549 2333 cum
561 2318 591 2333 eu
605 2310 693 2339 plures
706 2310 857 2333 vestimenti
872 2314 960 2339 partes
972 2315 996 2334 et
1007 2313 1080 2334 ensis
1094 2319 1138 2335 nec
1154 2318 1204 2334 non
1217 2318 1301 2341 equus
1313 2318 1370 2334 cum
1383 2310 1451 2333 sella
1469 2310 1574 2339 saepius
1593 2310 1729 2333 coniuncti
1749 2313 1836 2338 eraut,
1855 2316 1906 2339 quo
1925 2310 2023 2333 factum
2041 2313 2048 2317 ⁸

301 2363 358 2378 esse
385 2356 505 2384 videtur,
532 2359 559 2378 ut
578 2362 671 2378 numen
697 2358 789 2384 postea
815 2362 859 2378 eas
879 2363 981 2385 quoqu(¹
1001 2363 1043 2378 res
1067 2357 1294 2386 coriiplecteretur
1317 2356 1401 2384 (conf.
1421 2357 1450 2378 de
1471 2356 1543 2384 Suq·
1565 2355 1714 2378 chrestum.
1736 2356 1816 2378 Arah.
1836 2355 1857 2377 Τ
1885 2355 1916 2379 ll.
1936 2361 1958 2383 p.
1978 2355 2024 2378 43.

298 2402 334 2424 ed.
354 2401 419 2432 pr.).
456 2403 680 2426 Pretiosissiinum
701 2403 797 2425 donum
818 2401 948 2424 interdum
968 2401 1062 2430 fuisse,
1081 2408 1112 2424 ex
1132 2408 1162 2424 eo
1183 2402 1313 2430 videmus,
1332 2401 1401 2430 quod
1416 2398 1544 2429 [ljaht'aro
1565 2400 1578 2421 b
1607 2397 1689 2429 sanja
1708 2400 1761 2422 dati
1782 2398 1892 2428 pretium
1910 2398 2024 2422 400000

298 2455 440 2473 aureorum
467 2449 550 2472 fuisse
574 2450 700 2478 scriptum
727 2452 767 2471 est
795 2448 882 2471 conf.
910 2446 968 2470 ibid.
993 2454 1016 2476 p.
1037 2447 1080 2470 3⁴.
1101 2453 1174 2470 vers.
1210 2447 1287 2470 'salia
1313 2447 1383 2468 dona
1402 2446 1427 2468 iu
1448 2445 1597 2468 Abuli‘edae
1616 2444 1716 2467 Annal.
1735 2445 1765 2467 Τ.
1784 2443 1830 2466 1V.
1855 2449 1879 2472 p.
1899 2444 1954 2466 222
1989 2445 2026 2478 V,

296 2501 358 2525 294.
379 2501 441 2525 304.
460 2502 595 2531 desei-ima
614 2505 685 2526 sunt.
718 2503 767 2525 Pro
788 2501 836 2525 viri
856 2501 984 2531 dignitate
1004 2501 1111 2524 diversa
1130 2501 1211 2524 fuisse
1230 2501 1429 2531 cognoscimus,
1454 2501 1492 2523 Ab
1512 2501 1560 2523 huc
1580 2501 1650 2523 dono
1670 2499 1803 2522 diversum
1823 2501 1880 2521 erat
1898 2494 2023 2538 μὲωϊ

296 2557 468 2588 appellatum,
487 2564 598 2588 quocum
619 2557 746 2588 principis
765 2557 882 2588 dignitas
903 2556 1046 2579 coniuncta
1065 2558 1123 2579 erat
1142 2556 1200 2581 ibid.
1222 2556 1251 2579 Τ.
1272 2556 1305 2579 V.
1324 2562 1348 2586 p.
1368 2555 1413 2579 80.

2223 792 2230 795 ι

2238 631 2247 779 .,-ai-..
2239 550 2247 621 .---,

2244 1423 2247 1434 -
2243 1395 2247 1406 -
2242 1352 2247 1375 .-
2237 917 2247 1335 α--ι-Α.-ψ
