2247 2865
1201 63 1210 75 t

992 94 1264 125 —618—

237 194 350 225 fierent
376 191 492 236 (conf.
520 194 613 224 Kam.
640 202 665 224 s.
691 203 723 223 v.
750 199 820 241 ξω
847 198 880 223 et
902 194 996 236 ἔμε-ο).
1047 194 1098 223 De
1129 193 1192 224 hoc
1223 203 1403 224 sermonem
1437 204 1515 224 esse
1553 195 1744 227 scholiastes
1780 202 1885 236 putat.
1935 199 2029 229 Alter

236 258 464 298 interpretandi
492 258 604 288 modus
632 267 671 288 eo
698 258 826 296 nititur,
865 255 946 295 quod
980 257 1056 285 voci
1092 253 1199 291 ψὶὲ>ἷ
1240 260 1329 286 vocis
1363 255 1469 297 ,bij-:kl
1505 258 1654 296 (pluralis
1689 259 1779 289 vocis
1818 258 1928 300 -12232'05
1965 270 2027 301 ‘1¹¹³

236 331 351 352 cursus
377 321 416 351 ad
443 330 576 360 scopum
611 320 834 361 designantur,
872 318 1134 360 significationem
1173 318 1300 349 dedere.
1360 321 1452 351 Haeo
1480 321 1695 362 significatio,
1733 331 1814 362 quae
1847 323 1878 351 in
1915 322 2025 352 lexicis

235 393 298 414 non
323 386 500 424 reperitur,
527 393 565 413 eo
591 383 707 421 nititur,
735 381 818 421 quod
847 381 971 411 dicunt:
999 382 1090 427 θέλ-Ξ
1111 380 1139 420 ,ἱ
1169 379 1224 426 553
1247 379 1342 426 293⁵
1368 381 1466 420 *sbi
1499 384 1558 414 »ad
1587 394 1679 414 unum
1707 388 1760 414 aut
1792 384 1873 414 duos
1909 394 2025 415 cursus

236 455 350 485 equum
378 451 466 476 tuum
493 440 649 485 instigalu
714 444 795 473 'sum
828 448 937 483 potum
972 444 1156 474 matutinum
1182 445 1462 485 vespertinumque
1489 446 1529 476 de
1554 456 1668 476 cursus
1697 451 1841 486 tempore
1869 448 2026 477 matutino

236 514 269 538 et
295 509 478 548 vespertino
508 507 706 547 intelligunt3
740 506 833 535 simili
866 505 981 546 modo,
1018 515 1078 544 quo
1107 507 1428 537 Abu-Tammamus
1457 508 1536 538 dixit
1562 509 1670 547 (metr.
1697 509 1790 539 Sarih
1820 514 1875 539 ant
1902 509 2026 549 Redjes

235 570 255 600 i.
284 581 312 600 e.
339 576 394 601 aut
423 570 560 610 septima
589 572 718 609 species
745 569 840 599 Sarih
873 573 927 599 aut
963 569 1191 599 hemistichium
1230 570 1390 600 secundae
1426 571 1548 610 speciei
1581 571 1736 612 Redjes):
1776 573 1834 602 Eo
1875 572 2024 611 pabulo

235 632 440 669 nutritur,
479 631 584 670 quod
618 631 725 661 sella
761 635 802 660 et
840 630 962 660 freno
1002 631 1238 662 instruitur
1265 637 1296 663 et
1323 631 1402 662 alius
1431 633 1539 670 (metr,
1566 632 1726 672 'l‘liawil):
1763 634 1927 674 Locus,
1956 634 2031 665 ubi

235 698 332 733 post
358 697 491 733 potum
519 698 771 733 pascuntur,
799 703 867 723 ars
893 694 1007 723 sella
1034 694 1279 724 instruendi
1306 698 1371 725 est
1396 700 1435 725 et
1462 695 1658 734 tumquod
1679 696 1724 726 ad
1750 697 2027 736 equitandum

235 756 563 787 conscenditur.
617 756 823 786 Scholiastae
857 757 1015 796 posterior
1044 766 1163 786 versus
1200 767 1276 796 pars
1311 757 1393 787 hunc
1429 758 1655 798 interpretandi
1681 759 1805 789 modum
1836 760 2025 789 confirmare

234 819 381 859 videtur3
408 819 466 849 sed
494 820 564 849 istis
591 820 700 849 verbis
728 828 858 850 cursum
887 819 915 848 in
942 819 1070 859 proeliis
1099 820 1386 860 certaminibusque
1413 821 1584 863 significari
1610 832 1711 862 posse
1739 823 1814 854 dixi.

234 930 288 958 14.
311 930 432 959 Eorum
456 928 649 970 [equorum]
672 933 790 969 equites
812 941 828 958 e
849 934 942 967 ,qenle
968 931 1104 968 Taqlzleb
1121 932 1206 969 filiae
1234 932 1354 970 Wajelz·
1375 937 1467 972 sunt,
1491 934 1673 971 defensores·
1694 935 1828 970 armati,
1859 935 1891 962 iu
1913 934 2026 972 quibus

741 985 850 1013 turbae
872 995 888 1012 e
911 987 1006 1013 variis
1027 986 1172 1022 yenlibus
1195 988 1315 1014 miz-lae.
1336 995 1397 1014 non
1421 990 1505 1016 sunl.

235 1058 305 1103 (p-
328 1056 458 1101 347.)
512 1063 646 1103 Equites
673 1062 797 1092 illorum
825 1071 977 1101 equorum
1001 1063 1187 1093 describens
1214 1064 1306 1102 dicit,
1345 1074 1402 1094 eos
1439 1066 1527 1094 viros
1562 1076 1580 1095 e
1614 1071 1713 1107 gente
1748 1067 1892 1107 Taghleb
1928 1067 2027 1097 sortes

233 1126 376 1164 beneque
403 1130 544 1155 armatos
573 1129 604 1154 et
631 1125 699 1164 puri
727 1125 855 1165 generis
882 1135 968 1154 esse.
1021 1126 1143 1158 Versus
1171 1128 1373 1158 construendi
1400 1128 1525 1158 modum
1553 1129 1634 1159 hunc
1661 1139 1737 1159 esse
1755 1129 1873 1159 dicunt.
1903 1130 2025 1160 Vocem

235 1187 347 1232 [μυξῤ
374 1188 507 1218 subiecti
537 1187 640 1217 locum
668 1192 778 1217 tenere
807 1193 839 1217 et
865 1197 961 1218 voees
988 1188 1056 1227 &4⁸9
1084 1187 1142 1226 ³3:³5
1170 1187 1262 1227 ...abes
1280 1205 1322 1227 O*-
1351 1190 1534 1228 praedicati,
1565 1195 1597 1220 ut
1617 1200 1684 1220 vox
1703 1193 1783 1221 Sko>
1803 1191 2023 1230 praedicatum

233 1250 366 1280 alterum
393 1250 446 1281 sit.
498 1250 552 1279 Nil
578 1258 702 1288 quoque
730 1249 895 1288 impedire,
922 1251 1088 1289 quominus
1116 1252 1216 1281 verba
1239 1247 1387 1290 ,ΛΜΨ
1414 1256 1513 1283 statui
1540 1252 1750 1282 describendo
1777 1253 1966 1294 inserviant,
1989 1260 2026 1283 ut

234 1313 298 1342 sint
324 1321 380 1352 pro
406 1315 544 1352 vast,
574 1317 634 1342 etc.
663 1317 694 1342 ct
721 1322 787 1341 vox
815 1310 895 1342 sk>
923 1313 1094 1351 praedicati
1121 1314 1225 1343 locum
1254 1319 1372 1343 teneat.
1400 1315 1535 1353 Equites
1555 1325 1572 1344 e
1589 1318 1685 1355 gente
1700 1314 1845 1355 Taglileb
1873 1314 2023 1344 oriundos

234 1384 322 1414 esse,
352 1375 433 1405 laudi
461 1381 527 1413 est3
565 1376 627 1405 ista
658 1375 739 1404 enim
768 1385 850 1416 gens
874 1385 1044 1406 numerosa
1072 1380 1104 1406 et
1132 1376 1217 1405 clara
1255 1381 1334 1405 erat.
1388 1377 1537 1415 Equitum
1572 1382 1695 1411 turma,
1729 1386 1810 1415 quae
1840 1387 1858 1406 e
1885 1376 2023 1416 pluribus

233 1439 381 1479 gentibus
409 1438 516 1467 mixtis
543 1438 721 1477 composita
748 1447 808 1467 non
837 1443 899 1479 est,
928 1438 1111 1468 fortitudine
1137 1438 1272 1479 insignis
1301 1443 1368 1478 est,
1405 1447 1501 1477 quum
1530 1449 1610 1468 unns
1639 1448 1694 1478 pro
1723 1438 1823 1468 altero
1851 1443 1884 1468 et
1912 1448 2023 1468 omnes

233 1510 289 1540 pro
316 1500 423 1541 gentis
451 1500 554 1540 gloria
578 1504 729 1540 pugnent.
783 1501 908 1530 Vocem
936 1500 1044 1536 -agtxzi
1074 1511 1091 1530 e
1119 1501 1271 1540 singulari
1293 1499 1376 1537 sitsi
1398 1506 1498 1530 ortam
1530 1511 1606 1530 esse
1633 1501 1823 1532 scholiastes
1851 1502 1936 1543 dicit,
1964 1503 2023 1533 sed

233 1565 275 1594 nil
302 1565 419 1604 obstat,
448 1567 520 1603 quin
549 1564 700 1594 adiectixi
728 1564 825 1594 forma
849 1562 938 1604 22³3&
970 1564 1071 1603 (quae
1099 1563 1211 1592 lexicis
1239 1565 1352 1603 ignota
1380 1565 1447 1602 est)
1475 1564 1648 1594 derivetur.
1701 1565 1736 1593 In
1768 1565 1903 1595 Tebrisii
1938 1574 2023 1595 inar—

233 1628 308 1667 gine
334 1637 444 1657 vocem
473 1625 573 1667 &³:3³5
601 1637 618 1656 e
646 1626 753 1667 lingua
788 1627 917 1656 Persica
953 1627 983 1656 iu
1020 1628 1156 1666 linguam
1188 1626 1357 1655 Arabicam
1399 1625 1583 1655 translatam
1623 1635 1698 1655 esse
1731 1627 1815 1667 lego.
1879 1626 2022 1656 Similem

233 1701 365 1721 sensum
394 1694 601 1730 expressisse
630 1691 741 1720 dicitur
768 1695 863 1729 poeta
890 1690 1039 1719 Salamah
1067 1690 1096 1718 b.
1127 1687 1314 1718 elion-schol>
1343 1688 1451 1725 (metr.
1479 1687 1639 1725 Thawil):
1668 1688 1853 1726 Vespera
1879 1686 2021 1717 subsi-

233 1761 346 1785 stunt
371 1755 477 1785 haud
514 1754 706 1794 separati
741 1753 787 1783 ad
823 1763 976 1782 omnem
1011 1761 1154 1790 aquam
1182 1751 1298 1778 inter
1325 1749 1428 1778 Faid
1457 1754 1496 1778 et
1523 1748 1714 1788 Sadjir¹),
1769 1750 1861 1780 Alter
1888 1755 2020 1791 gentem

233 1820 346 1859 satyra
373 1821 596 1859 perstringens
624 1818 703 1847 dixit
729 1817 838 1856 (metr.
866 1816 1010 1854 U⁷afi1·f)t
1041 1814 1169 1852 Quum
1197 1822 1302 1854 gens
1330 1812 1672 1851 Banu-Djowain
1699 1811 1936 1853 vidissem,
1964 1814 2020 1843 in-

233 1888 298 1912 ter
325 1891 413 1911 eam
443 1881 627 1911 conviva
654 1890 727 1909 non
756 1884 858 1908 erat.
900 1878 1260 1916 Quotiescunque
1279 1875 1374 1906 dixi:
1403 1866 1571 1912 Quinam
1599 1872 1722 1904 sunt?
1751 1875 1924 1906 Cuinam
1951 1875 2020 1906 hu-

232 1946 364 1974 meris
395 1949 435 1974 et
463 1943 682 1982 capitibus
711 1945 817 1972 inter
844 1951 887 1971 se
913 1936 1101 1970 similes?
1155 1940 1215 1969 Hic
1243 1944 1372 1980 gentem
1400 1939 1495 1967 talem
1522 1938 1703 1977 descripsit,
1730 1938 1812 1968 inter
1831 1948 1926 1978 quam
1941 1948 2019 1969 con-

231 2007 309 2036 viva
336 2016 398 2035 non
425 2010 502 2036 erat.
556 2006 604 2036 Ob
632 2006 799 2035 avaritiam
827 2005 921 2045 igilur
949 2014 1018 2033 eam
1045 2003 1250 2042 vituperavit.

231 2116 284 2145 15.
308 2116 338 2145 Ii
358 2116 466 2144 ducem
487 2119 680 2152 percutiunt,
707 2118 797 2144 cuius
819 2115 913 2152 yttlea
934 2115 1047 2152 sulyet,
1071 2114 1144 2141 dum
1168 2115 1199 2141 in
1221 2114 1307 2151 facie
1331 2115 1399 2140 eius
1422 2113 1538 2141 multae
1559 2114 1726 2149 &myrtinis
1746 2113 1843 2140 striae
1865 2116 1949 2141 sunt.

328 2199 460 2238 Equites
488 2203 637 2238 tanquam
664 2199 746 2228 tales
775 2198 944 2237 describit,
980 2197 1029 2236 qui
1067 2196 1099 2225 in
1127 2205 1234 2236 pugna
1259 2195 1383 2223 nonnisi
1417 2204 1488 2224 cum
1525 2194 1660 2224 ducibus
1696 2194 1842 2224 dimicant
1881 2195 2015 2224 aliorum

230 2261 346 2290 nullam
373 2261 524 2290 rationem
550 2259 717 2289 habentes.
771 2259 871 2289 Simili
899 2258 990 2288 modo
1017 2262 1111 2297 poeta
1134 2255 1240 2300 (Ham.
1256 2267 1285 2296 p.
1301 2258 1339 2285 ⁸⁴10
1355 2267 1386 2285 v.
1407 2257 1452 2298 1.)
1475 2266 1552 2287 suos
1581 2257 1699 2296 laudat,
1727 2257 1807 2296 quod
1830 2262 2013 2298 pugnantes

229 2323 353 2352 nonnisi
378 2332 476 2363 reges
503 2313 650 2361 captixssos
681 2322 797 2351 faciant
824 2326 878 2350 aut
906 2321 1060 2350 occidant.
1112 2321 1201 2349 Loco
1228 2320 1317 2349 vocis
1335 2323 1401 2356 st
1424 2319 1451 2347 in
1480 2320 1638 2349 Mersukii
1666 2319 2010 2359 codicestffilegitur.

247 2433 275 2461 1)
295 2434 354 2456 Nou
374 2432 451 2462 plane
471 2433 581 2454 eundem
601 2438 705 2454 sensum
729 2431 863 2460 expressit
882 2435 975 2460 poeta:
1003 2431 1065 2454 dicit
1084 2432 1167 2457 enim.
1194 2431 1271 2453 istam
1290 2434 1395 2461 gentem
1415 2431 1570 2455 continuam
1590 2436 1679 2455 terrae
1698 2435 1797 2461 partem
1817 2435 1964 2459 occupare,
1985 2432 2013 2452 us

295 2479 364 2501 inter
382 2485 437 2501 eum
456 2479 522 2500 aliae
542 2482 636 2508 gentes
656 2484 707 2500 non
727 2477 855 2500 habitent.
891 2477 954 2499 Fami
974 2476 1091 2505 oppiduli
1117 2482 1212 2499 nomen
1236 2480 1278 2499 est
1303 2477 1328 2499 in
1354 2481 1426 2500 terra
1445 2475 1529 2507 Nedjd
1550 2478 1574 2500 in
1595 2478 1741 2507 propinquo
1760 2475 1855 2499 montis
1875 2475 1966 2498 salma
1985 2475 2010 2498 in

296 2523 379 2545 medio
399 2522 466 2549 viae,
485 2521 537 2551 qua
556 2522 756 2551 peregrinantes
776 2522 868 2544 Iracae
887 2521 1028 2547 incedunt.
1047 2522 1108 2551 siti,
1127 2523 1159 2545 ab
1179 2523 1242 2546 urbe
1262 2523 1329 2547 Cufa
1351 2523 1401 2545 109
1422 2530 1634 2553 parasangarum
1662 2523 1747 2553 spatio
1766 2520 1888 2544 distantis
1907 2520 2013 2550 (Abulf.

294 2574 389 2603 Geogr.
411 2579 436 2602 p,
453 2569 524 2606 ἦν).
559 2572 650 2604 §adjir
669 2579 756 2597 autem
777 2580 870 2597 numen
891 2580 974 2603 aquae
993 2573 1019 2596 in
1039 2574 1146 2604 regione
1167 2574 1295 2596 lemaniali
1314 2578 1338 2597 et
1358 2580 1453 2596 nomen
1474 2573 1528 2596 loci
1546 2577 1585 2596 est
1605 2573 1695 2596 Kam.
