2247 2865
962 72 1235 102 —571-

205 169 326 200 Vocem
354 166 377 197 L·
405 175 476 208 post
506 166 546 197 ldl
574 165 768 208 superfluam
797 178 873 199 esse
898 173 928 199 ct
955 178 1068 199 vocem
1095 167 1186 215 &¹5’
1213 180 1231 200 a
1259 180 1319 210 qua
1347 171 1476 211 pluralis
1503 170 1584 208 {xl-‚Sl
1613 173 1792 215 derivatur,
1827 181 1887 206 tam
1915 178 1987 216 plu-

200 232 276 261 ralis
302 241 394 272 quam
422 231 596 271 singularis
625 230 888 271 significationem
916 231 1044 269 habere,
1071 242 1111 261 ex
1141 233 1211 262 loeo
1239 234 1356 264 (jurani
1373 234 1447 264 Sur.
1473 236 1528 275 12,
1550 236 1605 265 80.
1636 237 1824 268 scholiastes
1853 241 1987 278 probare

200 294 334 324 studuit.
387 295 527 324 Sensum
555 294 719 333 explicans
746 293 832 333 dicit,
860 297 989 333 gentem
1017 294 1055 323 ot)
1077 295 1191 325 malum
1211 297 1444 334 superveniens
1465 296 1493 325 in
1510 297 1657 327 diversas
1678 305 1786 337 partes
1805 307 1986 341 separatam

199 366 287 397 esse,
315 366 396 396 quae
422 356 597 386 clanculum
625 356 706 385 inter
735 365 772 385 se
799 356 1002 396 loquerentur
1029 361 1061 385 ct
1093 357 1259 388 eonsilium
1288 358 1425 391 inirent..
1474 360 1572 390 Erant
1606 364 1711 391 autem
1738 362 1817 392 inter
1844 370 1985 406 veteres,

199 419 250 458 qui
276 428 295 449 a
321 428 400 448 vero
427 419 612 448 aberrantes
640 428 769 448 sensnm
797 418 839 448 ita
867 417 1056 449 definirent:
1096 421 1170 449 lllos
1208 423 1237 452 in
1274 422 1360 452 sellis
1394 423 1588 453 dormientes
1624 428 1656 453 et
1694 425 1890 456 somniantes
1926 429 1986 458 sibi

200 482 291 512 visos
318 491 394 512 esse
421 482 500 511 inter
526 491 563 511 se
589 481 819 520 colloquentes.
859 480 975 512 Gentis
1002 487 1108 512 autem
1129 484 1397 522 perturbationem
1419 493 1490 514 eum
1511 487 1659 514 continuo
1680 490 1766 515 motu
1789 485 1871 515 funis
1895 496 1986 518 eom-

199 544 334 583 paravit,
362 544 451 574 euius
479 553 540 583 ope
565 553 646 584 aqua
675 543 826 573 hauritur.
855 542 916 582 Qui
944 544 1144 584 comparandi
1161 545 1273 575 modus
1291 554 1352 575 non
1374 556 1414 575 ex
1439 546 1520 575 omni
1542 551 1632 585 parte
1651 551 1746 586 aptus
1763 548 1837 578 mihi
1853 549 1985 580 videtur.

197 654 229 682 2.
254 653 300 683 E!
319 653 466 682 nonnulli
487 663 592 682 eorum
611 653 746 691 sentibus
768 653 929 691 Hyantia-5
959 655 1018 682 isto
1040 658 1194 690 tempore,
1226 658 1278 691 lu,
1302 665 1318 684 o
1342 654 1471 688 nmlier,
1496 665 1560 683 rem
1583 655 1662 683 milii
1681 658 1796 686 manda
1818 667 1918 696 neque
1939 669 1987 688 me

984 708 1042 737 alii
1061 707 1200 737 uuanda!

296 790 386 820 Prior
414 800 488 829 pars
515 794 649 829 teinpus,
676 800 737 829 quo
765 789 803 820 ad
833 790 890 820 iter
917 790 1092 820 faciendum
1114 800 1151 820 se
1171 795 1371 830 praeparant,
1399 790 1591 823 describunt.
1619 791 1734 822 Coacti
1760 785 1830 831 (1)-
1853 788 1984 833 3²2.)

199 851 347 882 videntur
373 858 479 881 eastra
507 861 633 882 movere
661 852 733 881 sive
762 857 847 881 metu
876 851 979 882 hostis
1007 852 1184 882 invadentis
1211 853 1283 882 sive
1309 853 1370 882 alia
1397 852 1436 882 de
1476 862 1590 893 causa,
1629 859 1664 883 ut
1697 854 1759 894 ipsi
1794 854 1916 886 debiles
1953 863 1986 888 et

199 914 325 954 aegroti
351 923 462 943 seeum
502 914 658 944 auferant.
725 915 763 944 lli
796 923 835 944 ne
870 924 889 944 a
924 914 1072 944 iumentis
1105 913 1307 952 deciderent,
1346 914 1472 945 funibus
1507 915 1733 955 adligabantur.
1785 917 1985 949 Scholiastes

198 984 385 1014 quamquam
414 984 478 1004 rem
505 975 646 1004 sortasse
674 974 788 1004 factam
815 985 891 1005 esse
918 976 1060 1015 putavit,
1094 985 1133 1005 ne
1160 975 1198 1004 ob
1229 979 1410 1007 continuum
1438 980 1496 1008 iter
1525 988 1718 1018 summopere
1745 978 1870 1020 fatigati
1899 986 1931 1011 et
1955 982 1987 1012 in

197 1047 341 1067 somnum
369 1038 518 1077 propensi
546 1037 748 1074 deciderent,
784 1038 920 1077 priorem
955 1041 1058 1067 tamen
1086 1037 1312 1077 interpretandi
1338 1038 1464 1069 modum
1493 1040 1652 1078 praetulit.
1688 1041 1850 1071 Posterior
1878 1048 1986 1074 autem

198 1108 316 1128 versus
343 1108 437 1139 pars,
475 1099 526 1138 qui
554 1102 702 1138 tanquam
731 1098 945 1138 praedicatum
973 1108 1043 1129 eum
1070 1109 1154 1129 voce
1181 1099 1217 1138 3³
1245 1100 1359 1139 prioris
1387 1111 1505 1133 versus
1533 1101 1702 1142 cohaeret,
1738 1110 1866 1142 poetam
1890 1105 1986 1135 talem

198 1160 361 1202 describit,
388 1161 416 1190 in
444 1170 536 1200 quem
563 1170 665 1191 rerum
692 1171 770 1191 eura
798 1161 1010 1191 transferatur
1045 1166 1077 1191 et
1110 1162 1160 1200 qui
1195 1162 1264 1191 aliis
1299 1163 1417 1193 nullam
1453 1165 1631 1195 molestiam
1665 1170 1767 1205 paret.
1819 1166 1866 1197 Se
1892 1167 1985 1207 igitur

198 1228 346 1262 tanquam
373 1223 487 1253 sortem
516 1228 548 1252 et
576 1223 605 1252 in
634 1223 792 1253 molestiis
819 1223 1018 1263 perferendis
1046 1226 1222 1263 patientem
1249 1230 1282 1255 et
1308 1225 1497 1264 prudentem
1523 1226 1640 1257 laudat.

975 1330 1214 1364 ccxxn.

804 1396 944 1431 Dixit
965 1397 1383 1431 Almotalammes.

299 1480 370 1510 Hoc
396 1480 455 1509 viri
482 1490 656 1521 cognomen
685 1486 736 1511 est
765 1480 866 1511 conf.
895 1482 986 1512 Ham.
1014 1491 1044 1521 p.
1072 1483 1132 1510 ΝΡ*
1157 1482 1226 1512 infr.
1278 1483 1405 1512 Nomen
1431 1482 1533 1513 fuisse
1560 1483 1671 1514 dicitur
1696 1485 1802 1524 Djerir
1828 1485 1986 1517 1).Αῇὒά-

201 1544 347 1574 Almasih
373 1541 479 1584 (pater
506 1545 604 1584 igitur
632 1541 852 1586 Christianus)
887 1544 981 1574 aliis
1007 1543 1258 1573 Ahd-Alohssa
1294 1544 1403 1583 (pater
1436 1545 1532 1585 igitur
1566 1555 1709 1586 paganus
1736 1548 1789 1577 vel
1817 1553 1987 1588 antequam

199 1606 450 1637 Christianorum
478 1606 550 1637 fidei
578 1616 615 1637 se
643 1607 821 1648 addixerat,
850 1617 995 1648 paganus
1022 1607 1109 1645 erat)
1139 1607 1168 1636 b.
1198 1606 1409 1637 Ahbd-Allah
1436 1608 1465 1637 b.
1493 1608 1580 1638 Said.
1608 1610 1767 1649 Tempore
1786 1613 1874 1651 regis
1891 1612 1987 1642 Noh—

199 1669 281 1700 mani
308 1669 414 1700 conf.
441 1670 533 1699 llam.
564 1679 593 1708 p.
625 1671 684 1698 *tt*³
710 1679 741 1698 v.
773 1670 805 1698 4.
843 1674 876 1698 et
913 1669 1047 1699 Ahmrui
1084 1669 1112 1698 b.
1139 1667 1321 1698 Almondsir
1354 1673 1385 1698 et
1419 1668 1591 1699 Tharaf'ahi
1630 1671 1710 1700 vixit
1749 1671 1869 1709 (conf.
1897 1672 1986 1701 Ebn-

198 1730 325 1760 Kotaib.
353 1741 382 1770 p.
412 1731 467 1760 45.
491 1730 568 1760 120.
588 1730 667 1759 194.
695 1730 824 1760 Anthol.
841 1739 943 1771 gram.
960 1740 978 1770 p
1009 1729 1090 1760 460.
1107 1731 1187 1760 462.
1216 1730 1323 1760 Abulf.
1340 1730 1414 1760 hist.
1430 1731 1570 1761 Anteist.
1593 1732 1671 1761 126.
1687 1737 1718 1762 et
1732 1733 1984 1775 Meidamapp).

199 1839 227 1867 1.
251 1839 366 1868 ⁴'mee
388 1840 472 1868 rides
495 1835 701 1878 (nescisne),
731 1840 826 1867 morli
841 1840 970 1875 piqnori
989 1839 1097 1867 clatum
1121 1848 1190 1866 esse
1211 1841 1328 1871 sirum,
1353 1840 1427 1868 dum
1449 1843 1507 1868 aut
1527 1841 1636 1868 avibus
1657 1843 1822 1876 qenerosis
1841 1846 1987 1879 proster-

842 1895 928 1921 nitur
951 1895 1007 1920 aul
1026 1892 1170 1929 sepulcro
1193 1893 1338 1920 [raditur.

302 1974 458 2011 Causam,
485 1983 542 2003 cur
567 1976 670 2003 virum
698 1983 783 2003 mors
808 1977 930 2004 terrere
960 1983 1021 2003 non
1048 1973 1181 2014 debeat,
1209 1974 1388 2013 praemittit.
1441 1974 1531 2012 Viro,
1558 1975 1630 2004 sive
1656 1976 1695 2005 ab
1721 1976 1867 2006 hostibus
1897 1980 1987 2008 occi-

201 2036 305 2073 datur,
333 2038 405 2066 sive
434 2040 562 2066 mortem
590 2041 725 2065 naturae
751 2037 857 2077 obeat,
884 2036 1079 2066 moriendum
1106 2045 1191 2065 esse.
1245 2037 1334 2066 Haec
1361 2037 1522 2077 cogitandi
1540 2038 1619 2067 ratio
1635 2038 1664 2067 in
1682 2040 1859 2078 proverbiis
1879 2041 1986 2070 multis

202 2099 303 2132 cons.
331 2099 427 2129 Meid.
455 2100 492 2128 Τ.
521 2100 572 2127 ΙΙΙ.
601 2099 636 2129 Ρ.
664 2099 695 2128 2.
724 2108 753 2138 p.
786 2098 864 2128 139.
889 2099 1059 2129 invenitur.
1087 2098 1287 2128 scholiastes
1314 2108 1432 2128 versus
1459 2098 1498 2128 ad
1526 2108 1578 2128 res
1605 2105 1718 2140 gestas
1748 2101 1828 2130 inter
1855 2107 1986 2141 gentem

200 2160 364 2191 Dhobaiah
392 2166 580 2201 gentemque
611 2161 693 2190 Beer
719 2161 748 2190 b.
777 2160 886 2200 Vss'ajcl
913 2165 1062 2199 spectare
1090 2160 1175 2190 dicit.
1223 2160 1387 2190 Dhobaiah
1415 2170 1489 2199 pars
1517 2163 1624 2202 gentis
1654 2164 1745 2193 Beer.
1774 2168 1851 2194 erat.
1893 2165 1986 2194 Dho-

200 2220 292 2251 baiah
321 2231 435 2259 nempe
468 2221 550 2250 filius
586 2221 677 2251 Kaisi
713 2222 740 2254 b.
768 2221 948 2251 'l'sahlcbah
975 2222 1003 2250 b.
1033 2221 1185 2251 Ocahbah
1212 2222 1240 2251 b.
1268 2221 1359 2251 Zahb
1388 2222 1416 2251 b.
1445 2223 1519 2252 Ahti
1546 2223 1574 2252 b.
1603 2224 1685 2253 Beer
1712 2224 1739 2253 b.
1770 2224 1879 2263 Wajel
1906 2230 1984 2255 erat.

201 2283 244 2314 Ut
271 2285 386 2323 pignus
415 2283 443 2312 ei
470 2283 551 2312 tradi
579 2283 687 2321 debet,
715 2284 763 2313 cui
789 2283 934 2324 debetur,
962 2284 1008 2313 sic
1035 2283 1128 2313 homo
1158 2289 1289 2314 mortem
1317 2284 1461 2325 effugere
1487 2294 1548 2314 non
1571 2290 1689 2324 potest.
1728 2285 1891 2324 Duplieem
1915 2296 1986 2316 mo-

203 2345 301 2375 riendi
337 2344 461 2374 modum
495 2345 582 2384 ponit
619 2355 715 2382 esse,
751 2355 864 2386 unum,
903 2355 963 2384 quo
1003 2346 1042 2375 ab
1069 2346 1162 2375 hoste
1190 2346 1315 2375 occisus
1343 2346 1517 2386 insepultus
1545 2346 1574 2375 in
1602 2355 1714 2385 eampo
1742 2348 1845 2377 iaceat
1872 2349 1986 2379 avibus

202 2408 368 2447 rapacibus
393 2408 479 2448 cibo,
512 2408 664 2447 alterum,
706 2416 766 2446 quo
796 2407 901 2438 debito
929 2413 1061 2438 naturae
1089 2407 1194 2437 soluto
1222 2408 1405 2447 sepeliatur.
1456 2410 1549 2438 Hune
1577 2410 1708 2440 alterurn
1735 2414 1819 2440 certo
1848 2411 1986 2442 futurum

202 2480 289 2509 esse,
312 2480 373 2502 usu
399 2472 489 2501 vocis
516 2473 600 2511 ayn
625 2475 720 2509 poeta
747 2469 906 2500 indicasse
933 2469 1070 2510 videtur.
1123 2469 1323 2500 Scholiastes
1351 2470 1440 2509 dixit,
1469 2473 1530 2500 tam
1557 2471 1657 2500 verba
1684 2483 1755 2500 Μ
1780 2477 1864 2519 09),
1893 2484 1986 2514 quam

204 2542 270 2563 vox
297 2530 386 2578 ζιελ.»
420 2532 599 2573 praedicato
633 2532 722 2562 vocis
747 2529 786 2576 ως
824 2534 980 2562 inservire
1007 2541 1125 2574 posse3
1165 2531 1224 2562 sed
1253 2541 1364 2562 vocem
1391 2530 1480 2575 Lar-‚³510
1507 2532 1605 2562 statui
1631 2534 1801 2564 verborum
1827 2546 1899 2564 Μ
1924 2540 1988 2582 (5⁹)
