<?xml version="1.0" encoding="UTF-8"?>
<!DOCTYPE html PUBLIC "-//W3C//DTD XHTML 1.0 Transitional//EN"
    "http://www.w3.org/TR/xhtml1/DTD/xhtml1-transitional.dtd">
<html xmlns="http://www.w3.org/1999/xhtml" xml:lang="en" lang="en">
 <head>
  <title>
</title>
<meta http-equiv="Content-Type" content="text/html;charset=utf-8" />
  <meta name='ocr-system' content='tesseract 3.04.00' />
  <meta name='ocr-capabilities' content='ocr_page ocr_carea ocr_par ocr_line ocrx_word'/>
</head>
<body>
  <div class='ocr_page' id='page_1' title='image "./p1hamassaecarmin02abbiuoft_0484.png"; bbox 0 0 2247 2865; ppageno 0'>
   <div class='ocr_carea' id='block_1_1' title="bbox 987 97 1258 128">
    <p class='ocr_par' dir='ltr' id='par_1_1' title="bbox 987 97 1258 128">
     <span class='ocr_line' id='line_1_1' title="bbox 987 97 1258 128; baseline -0.007 0"><span class='ocrx_word' id='word_1_1' title='bbox 987 97 1258 128; x_wconf 78' lang='lat'>—448—</span> 
     </span>
    </p>
   </div>
   <div class='ocr_carea' id='block_1_2' title="bbox 228 193 2031 1487">
    <p class='ocr_par' dir='ltr' id='par_1_2' title="bbox 228 193 2031 1487">
     <span class='ocr_line' id='line_1_2' title="bbox 228 193 2018 247; baseline -0.006 -12"><span class='ocrx_word' id='word_1_2' title='bbox 228 208 282 236; x_wconf 84' lang='lat' dir='ltr'>sit.</span> <span class='ocrx_word' id='word_1_3' title='bbox 333 204 457 235; x_wconf 83' lang='lat' dir='ltr'><strong>Vocem</strong></span> <span class='ocrx_word' id='word_1_4' title='bbox 484 206 552 247; x_wconf 57' lang='lat'>:⁹³²2</span> <span class='ocrx_word' id='word_1_5' title='bbox 578 203 609 232; x_wconf 94' lang='lat' dir='ltr'>in</span> <span class='ocrx_word' id='word_1_6' title='bbox 635 200 814 230; x_wconf 89' lang='lat' dir='ltr'>hominibus</span> <span class='ocrx_word' id='word_1_7' title='bbox 843 198 882 229; x_wconf 90' lang='lat' dir='ltr'>de</span> <span class='ocrx_word' id='word_1_8' title='bbox 911 207 969 239; x_wconf 90' lang='lat' dir='ltr'>eo,</span> <span class='ocrx_word' id='word_1_9' title='bbox 1008 199 1062 237; x_wconf 91' lang='lat' dir='ltr'>qui</span> <span class='ocrx_word' id='word_1_10' title='bbox 1090 202 1181 236; x_wconf 84' lang='lat' dir='ltr'>patre</span> <span class='ocrx_word' id='word_1_11' title='bbox 1207 200 1240 226; x_wconf 90' lang='lat' dir='ltr'>et</span> <span class='ocrx_word' id='word_1_12' title='bbox 1267 200 1368 226; x_wconf 86' lang='lat' dir='ltr'>matre</span> <span class='ocrx_word' id='word_1_13' title='bbox 1395 195 1526 225; x_wconf 80' lang='lat' dir='ltr'>orbatus</span> <span class='ocrx_word' id='word_1_14' title='bbox 1553 193 1617 234; x_wconf 83' lang='lat' dir='ltr'>sit,</span> <span class='ocrx_word' id='word_1_15' title='bbox 1654 193 1686 223; x_wconf 88' lang='lat' dir='ltr'>in</span> <span class='ocrx_word' id='word_1_16' title='bbox 1711 193 1811 224; x_wconf 89' lang='lat' dir='ltr'>brutis</span> <span class='ocrx_word' id='word_1_17' title='bbox 1837 194 1962 225; x_wconf 81' lang='lat' dir='ltr'>nonnisi</span> <span class='ocrx_word' id='word_1_18' title='bbox 1986 194 2018 224; x_wconf 86' lang='lat' dir='ltr'>in</span> 
     </span>
     <span class='ocr_line' id='line_1_3' title="bbox 228 255 2020 305; baseline -0.007 -7"><span class='ocrx_word' id='word_1_19' title='bbox 228 271 325 298; x_wconf 86' lang='lat' dir='ltr'>matre</span> <span class='ocrx_word' id='word_1_20' title='bbox 352 265 513 305; x_wconf 79' lang='lat' dir='ltr'>adhiberi,</span> <span class='ocrx_word' id='word_1_21' title='bbox 544 265 616 294; x_wconf 91' lang='lat' dir='ltr'>dum</span> <span class='ocrx_word' id='word_1_22' title='bbox 643 263 674 292; x_wconf 89' lang='lat' dir='ltr'>iu</span> <span class='ocrx_word' id='word_1_23' title='bbox 702 261 832 291; x_wconf 83' lang='lat' dir='ltr'>Kamusi</span> <span class='ocrx_word' id='word_1_24' title='bbox 860 270 956 299; x_wconf 89' lang='lat' dir='ltr'>opere</span> <span class='ocrx_word' id='word_1_25' title='bbox 983 260 1107 288; x_wconf 91' lang='lat' dir='ltr'>nonnisi</span> <span class='ocrx_word' id='word_1_26' title='bbox 1136 259 1187 300; x_wconf 91' lang='lat' dir='ltr'>ei,</span> <span class='ocrx_word' id='word_1_27' title='bbox 1215 258 1267 298; x_wconf 87' lang='lat' dir='ltr'>qui</span> <span class='ocrx_word' id='word_1_28' title='bbox 1294 261 1383 297; x_wconf 86' lang='lat' dir='ltr'>patre</span> <span class='ocrx_word' id='word_1_29' title='bbox 1411 258 1540 287; x_wconf 86' lang='lat' dir='ltr'>orbatus</span> <span class='ocrx_word' id='word_1_30' title='bbox 1568 261 1638 298; x_wconf 84' lang='lat' dir='ltr'>est,</span> <span class='ocrx_word' id='word_1_31' title='bbox 1677 257 1799 288; x_wconf 89' lang='lat' dir='ltr'>dicitur.</span> <span class='ocrx_word' id='word_1_32' title='bbox 1849 257 1926 287; x_wconf 90' lang='lat' dir='ltr'>Vox</span> <span class='ocrx_word' id='word_1_33' title='bbox 1951 255 2020 296; x_wconf 61' lang='lat' dir='ltr'>ass,</span> 
     </span>
     <span class='ocr_line' id='line_1_4' title="bbox 229 308 2020 368; baseline -0.006 -9"><span class='ocrx_word' id='word_1_34' title='bbox 229 338 308 368; x_wconf 86' lang='lat' dir='ltr'>quae</span> <span class='ocrx_word' id='word_1_35' title='bbox 334 328 366 357; x_wconf 91' lang='lat' dir='ltr'>in</span> <span class='ocrx_word' id='word_1_36' title='bbox 390 336 491 356; x_wconf 90' lang='lat' dir='ltr'>versu</span> <span class='ocrx_word' id='word_1_37' title='bbox 517 330 626 355; x_wconf 87' lang='lat' dir='ltr'>nostro</span> <span class='ocrx_word' id='word_1_38' title='bbox 655 332 786 353; x_wconf 83' lang='lat' dir='ltr'>uxorem</span> <span class='ocrx_word' id='word_1_39' title='bbox 814 321 984 362; x_wconf 79' lang='lat' dir='ltr'>designat,</span> <span class='ocrx_word' id='word_1_40' title='bbox 1025 330 1068 349; x_wconf 84' lang='lat' dir='ltr'>ex</span> <span class='ocrx_word' id='word_1_41' title='bbox 1095 320 1209 350; x_wconf 88' lang='lat' dir='ltr'>Chalili</span> <span class='ocrx_word' id='word_1_42' title='bbox 1247 320 1408 350; x_wconf 88' lang='lat' dir='ltr'>sententia</span> <span class='ocrx_word' id='word_1_43' title='bbox 1441 328 1574 349; x_wconf 83' lang='lat' dir='ltr'>uxorem</span> <span class='ocrx_word' id='word_1_44' title='bbox 1611 323 1674 349; x_wconf 88' lang='lat' dir='ltr'>tam</span> <span class='ocrx_word' id='word_1_45' title='bbox 1707 308 1814 348; x_wconf 84' lang='lat' dir='ltr'>fratris</span> <span class='ocrx_word' id='word_1_46' title='bbox 1841 328 1937 358; x_wconf 88' lang='lat' dir='ltr'>quam</span> <span class='ocrx_word' id='word_1_47' title='bbox 1965 319 2020 351; x_wconf 87' lang='lat' dir='ltr'>filii</span> 
     </span>
     <span class='ocr_line' id='line_1_5' title="bbox 228 380 2020 431; baseline -0.006 -10"><span class='ocrx_word' id='word_1_48' title='bbox 228 391 388 431; x_wconf 84' lang='lat' dir='ltr'>designat.</span> <span class='ocrx_word' id='word_1_49' title='bbox 441 390 533 419; x_wconf 84' lang='lat' dir='ltr'>Hanc</span> <span class='ocrx_word' id='word_1_50' title='bbox 560 386 753 417; x_wconf 89' lang='lat' dir='ltr'>senteutiam</span> <span class='ocrx_word' id='word_1_51' title='bbox 780 393 891 413; x_wconf 90' lang='lat' dir='ltr'>veram</span> <span class='ocrx_word' id='word_1_52' title='bbox 919 393 1018 421; x_wconf 88' lang='lat' dir='ltr'>esse,</span> <span class='ocrx_word' id='word_1_53' title='bbox 1046 392 1088 412; x_wconf 89' lang='lat' dir='ltr'>ex</span> <span class='ocrx_word' id='word_1_54' title='bbox 1114 382 1221 411; x_wconf 87' lang='lat' dir='ltr'>verbis</span> <span class='ocrx_word' id='word_1_55' title='bbox 1250 382 1473 422; x_wconf 79' lang='lat' dir='ltr'>cognoscitur:</span> <span class='ocrx_word' id='word_1_56' title='bbox 1514 382 1623 420; x_wconf 84' lang='lat' dir='ltr'>(metr.</span> <span class='ocrx_word' id='word_1_57' title='bbox 1652 380 1779 420; x_wconf 82' lang='lat' dir='ltr'>Chafif)</span> <span class='ocrx_word' id='word_1_58' title='bbox 1808 381 1863 410; x_wconf 84' lang='lat' dir='ltr'>Ea</span> <span class='ocrx_word' id='word_1_59' title='bbox 1890 390 2020 411; x_wconf 79' lang='lat' dir='ltr'>nurus</span> 
     </span>
     <span class='ocr_line' id='line_1_6' title="bbox 231 443 2021 490; baseline -0.004 -8"><span class='ocrx_word' id='word_1_60' title='bbox 231 462 318 482; x_wconf 86' lang='lat' dir='ltr'>mea</span> <span class='ocrx_word' id='word_1_61' title='bbox 343 461 421 481; x_wconf 90' lang='lat' dir='ltr'>non</span> <span class='ocrx_word' id='word_1_62' title='bbox 448 455 533 490; x_wconf 87' lang='lat' dir='ltr'>est,</span> <span class='ocrx_word' id='word_1_63' title='bbox 561 454 599 478; x_wconf 85' lang='lat' dir='ltr'>et</span> <span class='ocrx_word' id='word_1_64' title='bbox 626 457 688 486; x_wconf 88' lang='lat' dir='ltr'>ea,</span> <span class='ocrx_word' id='word_1_65' title='bbox 726 456 784 476; x_wconf 90' lang='lat' dir='ltr'>me</span> <span class='ocrx_word' id='word_1_66' title='bbox 811 445 907 475; x_wconf 90' lang='lat' dir='ltr'>eius</span> <span class='ocrx_word' id='word_1_67' title='bbox 943 453 1143 473; x_wconf 82' lang='lat' dir='ltr'><strong>socerum</strong></span> <span class='ocrx_word' id='word_1_68' title='bbox 1180 452 1299 482; x_wconf 86' lang='lat' dir='ltr'>esse,</span> <span class='ocrx_word' id='word_1_69' title='bbox 1337 443 1581 474; x_wconf 81' lang='lat' dir='ltr'><strong>contendit.</strong></span> <span class='ocrx_word' id='word_1_70' title='bbox 1634 444 1738 473; x_wconf 87' lang='lat' dir='ltr'>Huius</span> <span class='ocrx_word' id='word_1_71' title='bbox 1766 452 1885 473; x_wconf 88' lang='lat' dir='ltr'>versus</span> <span class='ocrx_word' id='word_1_72' title='bbox 1909 449 2021 474; x_wconf 79' lang='lat' dir='ltr'><strong>auctor</strong></span> 
     </span>
     <span class='ocr_line' id='line_1_7' title="bbox 228 505 2021 555; baseline -0.006 -11"><span class='ocrx_word' id='word_1_73' title='bbox 228 524 247 544; x_wconf 86' lang='lat' dir='ltr'>e</span> <span class='ocrx_word' id='word_1_74' title='bbox 273 518 371 555; x_wconf 83' lang='lat' dir='ltr'>gente</span> <span class='ocrx_word' id='word_1_75' title='bbox 399 510 644 542; x_wconf 85' lang='lat' dir='ltr'>Banu-Connah</span> <span class='ocrx_word' id='word_1_76' title='bbox 671 508 822 539; x_wconf 86' lang='lat' dir='ltr'>oriundus</span> <span class='ocrx_word' id='word_1_77' title='bbox 851 511 930 537; x_wconf 85' lang='lat' dir='ltr'>erat.</span> <span class='ocrx_word' id='word_1_78' title='bbox 995 507 1029 535; x_wconf 91' lang='lat' dir='ltr'>In</span> <span class='ocrx_word' id='word_1_79' title='bbox 1064 508 1130 536; x_wconf 86' lang='lat' dir='ltr'>ista</span> <span class='ocrx_word' id='word_1_80' title='bbox 1168 511 1267 546; x_wconf 88' lang='lat' dir='ltr'>geute</span> <span class='ocrx_word' id='word_1_81' title='bbox 1293 506 1374 536; x_wconf 88' lang='lat' dir='ltr'>duos</span> <span class='ocrx_word' id='word_1_82' title='bbox 1404 505 1521 536; x_wconf 81' lang='lat' dir='ltr'>fratres</span> <span class='ocrx_word' id='word_1_83' title='bbox 1548 505 1675 535; x_wconf 84' lang='lat' dir='ltr'>vixisse</span> <span class='ocrx_word' id='word_1_84' title='bbox 1700 509 1850 545; x_wconf 87' lang='lat' dir='ltr'>narrant,</span> <span class='ocrx_word' id='word_1_85' title='bbox 1887 514 2021 544; x_wconf 85' lang='lat' dir='ltr'>quorum</span> 
     </span>
     <span class='ocr_line' id='line_1_8' title="bbox 229 566 2021 612; baseline -0.006 -5"><span class='ocrx_word' id='word_1_86' title='bbox 229 577 309 607; x_wconf 81' lang='lat' dir='ltr'>alter</span> <span class='ocrx_word' id='word_1_87' title='bbox 336 575 466 605; x_wconf 88' lang='lat' dir='ltr'>alterius</span> <span class='ocrx_word' id='word_1_88' title='bbox 495 582 626 603; x_wconf 85' lang='lat' dir='ltr'>uxorem</span> <span class='ocrx_word' id='word_1_89' title='bbox 654 572 776 612; x_wconf 88' lang='lat' dir='ltr'>perdite</span> <span class='ocrx_word' id='word_1_90' title='bbox 804 575 935 611; x_wconf 84' lang='lat' dir='ltr'>amaret,</span> <span class='ocrx_word' id='word_1_91' title='bbox 962 571 1006 600; x_wconf 88' lang='lat' dir='ltr'>ita</span> <span class='ocrx_word' id='word_1_92' title='bbox 1033 575 1079 610; x_wconf 89' lang='lat' dir='ltr'>ut,</span> <span class='ocrx_word' id='word_1_93' title='bbox 1108 579 1201 608; x_wconf 89' lang='lat' dir='ltr'>quum</span> <span class='ocrx_word' id='word_1_94' title='bbox 1228 578 1367 598; x_wconf 87' lang='lat' dir='ltr'>amorem</span> <span class='ocrx_word' id='word_1_95' title='bbox 1384 567 1516 604; x_wconf 80' lang='lat' dir='ltr'>celaret,</span> <span class='ocrx_word' id='word_1_96' title='bbox 1544 576 1660 606; x_wconf 83' lang='lat' dir='ltr'>corpus</span> <span class='ocrx_word' id='word_1_97' title='bbox 1681 569 1781 597; x_wconf 87' lang='lat' dir='ltr'>macie</span> <span class='ocrx_word' id='word_1_98' title='bbox 1798 566 2021 597; x_wconf 86' lang='lat' dir='ltr'>conficeretur.</span> 
     </span>
     <span class='ocr_line' id='line_1_9' title="bbox 228 629 2024 677; baseline -0.004 -9"><span class='ocrx_word' id='word_1_99' title='bbox 228 638 290 677; x_wconf 87' lang='lat' dir='ltr'>Qui</span> <span class='ocrx_word' id='word_1_100' title='bbox 317 648 356 667; x_wconf 90' lang='lat' dir='ltr'>ne</span> <span class='ocrx_word' id='word_1_101' title='bbox 384 637 492 667; x_wconf 87' lang='lat' dir='ltr'>morbo</span> <span class='ocrx_word' id='word_1_102' title='bbox 520 635 755 673; x_wconf 79' lang='lat' dir='ltr'>succumberet,</span> <span class='ocrx_word' id='word_1_103' title='bbox 783 634 934 663; x_wconf 83' lang='lat' dir='ltr'>timentes</span> <span class='ocrx_word' id='word_1_104' title='bbox 964 632 1121 662; x_wconf 85' lang='lat' dir='ltr'>medicum</span> <span class='ocrx_word' id='word_1_105' title='bbox 1150 631 1346 660; x_wconf 76' lang='lat' dir='ltr'>Alliaritsum</span> <span class='ocrx_word' id='word_1_106' title='bbox 1374 630 1402 660; x_wconf 91' lang='lat' dir='ltr'>b.</span> <span class='ocrx_word' id='word_1_107' title='bbox 1432 629 1575 659; x_wconf 85' lang='lat' dir='ltr'>Caladah</span> <span class='ocrx_word' id='word_1_108' title='bbox 1600 630 1792 660; x_wconf 84' lang='lat' dir='ltr'><strong>advocasse.</strong></span> <span class='ocrx_word' id='word_1_109' title='bbox 1845 630 1907 660; x_wconf 92' lang='lat' dir='ltr'>Cui</span> <span class='ocrx_word' id='word_1_110' title='bbox 1931 639 2024 669; x_wconf 87' lang='lat' dir='ltr'>quum</span> 
     </span>
     <span class='ocr_line' id='line_1_10' title="bbox 229 691 2023 737; baseline -0.004 -8"><span class='ocrx_word' id='word_1_111' title='bbox 229 709 282 730; x_wconf 89' lang='lat' dir='ltr'>res</span> <span class='ocrx_word' id='word_1_112' title='bbox 312 699 405 729; x_wconf 85' lang='lat' dir='ltr'>dubia</span> <span class='ocrx_word' id='word_1_113' title='bbox 433 698 560 737; x_wconf 86' lang='lat' dir='ltr'>fuisset,</span> <span class='ocrx_word' id='word_1_114' title='bbox 588 696 780 737; x_wconf 75' lang='lat' dir='ltr'>imperasse,</span> <span class='ocrx_word' id='word_1_115' title='bbox 808 700 842 726; x_wconf 90' lang='lat' dir='ltr'>ut</span> <span class='ocrx_word' id='word_1_116' title='bbox 870 700 1004 736; x_wconf 84' lang='lat' dir='ltr'>aegroto</span> <span class='ocrx_word' id='word_1_117' title='bbox 1033 694 1136 724; x_wconf 90' lang='lat' dir='ltr'>cibum</span> <span class='ocrx_word' id='word_1_118' title='bbox 1164 699 1337 733; x_wconf 88' lang='lat' dir='ltr'>potumque</span> <span class='ocrx_word' id='word_1_119' title='bbox 1367 692 1564 732; x_wconf 82' lang='lat' dir='ltr'>praeberent.</span> <span class='ocrx_word' id='word_1_120' title='bbox 1616 692 1795 732; x_wconf 80' lang='lat' dir='ltr'>Aegi-otum</span> <span class='ocrx_word' id='word_1_121' title='bbox 1823 696 1929 722; x_wconf 86' lang='lat' dir='ltr'>sumto</span> <span class='ocrx_word' id='word_1_122' title='bbox 1950 691 2023 721; x_wconf 74' lang='lat' dir='ltr'>vino</span> 
     </span>
     <span class='ocr_line' id='line_1_11' title="bbox 231 749 2024 801; baseline -0.004 -10"><span class='ocrx_word' id='word_1_123' title='bbox 231 761 433 801; x_wconf 81' lang='lat' dir='ltr'>dactylorum</span> <span class='ocrx_word' id='word_1_124' title='bbox 472 759 532 788; x_wconf 87' lang='lat' dir='ltr'>hos</span> <span class='ocrx_word' id='word_1_125' title='bbox 574 768 692 788; x_wconf 90' lang='lat' dir='ltr'>versus</span> <span class='ocrx_word' id='word_1_126' title='bbox 734 758 927 797; x_wconf 83' lang='lat' dir='ltr'>protulisse:</span> <span class='ocrx_word' id='word_1_127' title='bbox 965 758 1072 796; x_wconf 86' lang='lat' dir='ltr'>(metr.</span> <span class='ocrx_word' id='word_1_128' title='bbox 1104 756 1246 795; x_wconf 82' lang='lat' dir='ltr'>Hasadj)</span> <span class='ocrx_word' id='word_1_129' title='bbox 1287 750 1419 785; x_wconf 77' lang='lat' dir='ltr'>Eheu!</span> <span class='ocrx_word' id='word_1_130' title='bbox 1456 754 1657 795; x_wconf 83' lang='lat' dir='ltr'>benigne,</span> <span class='ocrx_word' id='word_1_131' title='bbox 1694 749 1817 784; x_wconf 81' lang='lat' dir='ltr'>cheul</span> <span class='ocrx_word' id='word_1_132' title='bbox 1844 755 2024 795; x_wconf 84' lang='lat' dir='ltr'>benigue</span> 
     </span>
     <span class='ocr_line' id='line_1_12' title="bbox 233 817 2025 865; baseline -0.004 -12"><span class='ocrx_word' id='word_1_133' title='bbox 233 818 398 865; x_wconf 69' lang='lat' dir='ltr'>agatis!</span> <span class='ocrx_word' id='word_1_134' title='bbox 427 832 571 862; x_wconf 88' lang='lat' dir='ltr'>parum</span> <span class='ocrx_word' id='word_1_135' title='bbox 599 825 755 851; x_wconf 87' lang='lat' dir='ltr'>tautum</span> <span class='ocrx_word' id='word_1_136' title='bbox 783 821 932 850; x_wconf 82' lang='lat' dir='ltr'>vivam.</span> <span class='ocrx_word' id='word_1_137' title='bbox 987 821 1050 849; x_wconf 87' lang='lat' dir='ltr'>Me</span> <span class='ocrx_word' id='word_1_138' title='bbox 1088 819 1290 849; x_wconf 87' lang='lat' dir='ltr'>adducite</span> <span class='ocrx_word' id='word_1_139' title='bbox 1331 817 1377 847; x_wconf 89' lang='lat' dir='ltr'>ad</span> <span class='ocrx_word' id='word_1_140' title='bbox 1418 817 1560 847; x_wconf 89' lang='lat' dir='ltr'>domos</span> <span class='ocrx_word' id='word_1_141' title='bbox 1602 817 1639 846; x_wconf 91' lang='lat' dir='ltr'>in</span> <span class='ocrx_word' id='word_1_142' title='bbox 1673 821 1813 846; x_wconf 89' lang='lat' dir='ltr'>tractu</span> <span class='ocrx_word' id='word_1_143' title='bbox 1840 817 2025 846; x_wconf 87' lang='lat' dir='ltr'>eminen-</span> 
     </span>
     <span class='ocr_line' id='line_1_13' title="bbox 238 880 2026 924; baseline -0.004 -8"><span class='ocrx_word' id='word_1_144' title='bbox 238 887 376 924; x_wconf 87' lang='lat' dir='ltr'>tiore,</span> <span class='ocrx_word' id='word_1_145' title='bbox 405 891 444 915; x_wconf 93' lang='lat' dir='ltr'>ut</span> <span class='ocrx_word' id='word_1_146' title='bbox 471 894 544 914; x_wconf 87' lang='lat' dir='ltr'>eas</span> <span class='ocrx_word' id='word_1_147' title='bbox 571 884 751 913; x_wconf 85' lang='lat' dir='ltr'>visitem.</span> <span class='ocrx_word' id='word_1_148' title='bbox 792 883 1021 913; x_wconf 88' lang='lat' dir='ltr'>Dorcadem</span> <span class='ocrx_word' id='word_1_149' title='bbox 1055 882 1181 911; x_wconf 89' lang='lat' dir='ltr'>hodie</span> <span class='ocrx_word' id='word_1_150' title='bbox 1206 881 1299 911; x_wconf 88' lang='lat' dir='ltr'>vidi</span> <span class='ocrx_word' id='word_1_151' title='bbox 1326 881 1364 910; x_wconf 89' lang='lat' dir='ltr'>in</span> <span class='ocrx_word' id='word_1_152' title='bbox 1391 880 1553 921; x_wconf 83' lang='lat' dir='ltr'>agmine</span> <span class='ocrx_word' id='word_1_153' title='bbox 1592 880 1741 921; x_wconf 87' lang='lat' dir='ltr'>gentis</span> <span class='ocrx_word' id='word_1_154' title='bbox 1775 880 2026 910; x_wconf 87' lang='lat' dir='ltr'>Banu-Con-</span> 
     </span>
     <span class='ocr_line' id='line_1_14' title="bbox 234 944 2027 990; baseline -0.004 -11"><span class='ocrx_word' id='word_1_155' title='bbox 234 950 330 990; x_wconf 86' lang='lat' dir='ltr'>uah,</span> <span class='ocrx_word' id='word_1_156' title='bbox 370 948 580 989; x_wconf 86' lang='lat' dir='ltr'>languido</span> <span class='ocrx_word' id='word_1_157' title='bbox 620 947 762 984; x_wconf 87' lang='lat' dir='ltr'>vultu,</span> <span class='ocrx_word' id='word_1_158' title='bbox 801 946 1042 983; x_wconf 84' lang='lat' dir='ltr'>educatam,</span> <span class='ocrx_word' id='word_1_159' title='bbox 1084 945 1119 973; x_wconf 93' lang='lat' dir='ltr'>in</span> <span class='ocrx_word' id='word_1_160' title='bbox 1157 945 1278 974; x_wconf 89' lang='lat' dir='ltr'>cuius</span> <span class='ocrx_word' id='word_1_161' title='bbox 1317 944 1491 982; x_wconf 72' lang='lat' dir='ltr'>loquela</span> <span class='ocrx_word' id='word_1_162' title='bbox 1530 951 1661 972; x_wconf 91' lang='lat' dir='ltr'>sonus</span> <span class='ocrx_word' id='word_1_163' title='bbox 1704 951 1773 980; x_wconf 89' lang='lat' dir='ltr'>per</span> <span class='ocrx_word' id='word_1_164' title='bbox 1799 951 1930 972; x_wconf 87' lang='lat' dir='ltr'>nares</span> <span class='ocrx_word' id='word_1_165' title='bbox 1959 951 2027 971; x_wconf 88' lang='lat' dir='ltr'>au-</span> 
     </span>
     <span class='ocr_line' id='line_1_15' title="bbox 234 1005 2027 1046; baseline -0.004 -5"><span class='ocrx_word' id='word_1_166' title='bbox 234 1012 359 1042; x_wconf 90' lang='lat' dir='ltr'>ditur.</span> <span class='ocrx_word' id='word_1_167' title='bbox 411 1011 512 1040; x_wconf 85' lang='lat' dir='ltr'>Hisce</span> <span class='ocrx_word' id='word_1_168' title='bbox 539 1009 656 1039; x_wconf 86' lang='lat' dir='ltr'>auditis</span> <span class='ocrx_word' id='word_1_169' title='bbox 685 1008 827 1038; x_wconf 86' lang='lat' dir='ltr'>medicus</span> <span class='ocrx_word' id='word_1_170' title='bbox 856 1008 953 1040; x_wconf 82' lang='lat' dir='ltr'>dixit:</span> <span class='ocrx_word' id='word_1_171' title='bbox 981 1009 1088 1037; x_wconf 86' lang='lat' dir='ltr'>Paene</span> <span class='ocrx_word' id='word_1_172' title='bbox 1116 1010 1255 1036; x_wconf 85' lang='lat' dir='ltr'>mentem</span> <span class='ocrx_word' id='word_1_173' title='bbox 1282 1016 1372 1036; x_wconf 84' lang='lat' dir='ltr'>suam</span> <span class='ocrx_word' id='word_1_174' title='bbox 1393 1005 1547 1046; x_wconf 79' lang='lat' dir='ltr'>prodidit,</span> <span class='ocrx_word' id='word_1_175' title='bbox 1578 1005 1648 1044; x_wconf 90' lang='lat' dir='ltr'>plus</span> <span class='ocrx_word' id='word_1_176' title='bbox 1677 1005 1775 1045; x_wconf 85' lang='lat' dir='ltr'>igitur</span> <span class='ocrx_word' id='word_1_177' title='bbox 1801 1005 1867 1035; x_wconf 86' lang='lat' dir='ltr'>viui</span> <span class='ocrx_word' id='word_1_178' title='bbox 1894 1005 1921 1035; x_wconf 87' lang='lat' dir='ltr'>ei</span> <span class='ocrx_word' id='word_1_179' title='bbox 1949 1014 2027 1044; x_wconf 87' lang='lat' dir='ltr'>por-</span> 
     </span>
     <span class='ocr_line' id='line_1_16' title="bbox 233 1066 2028 1118; baseline -0.004 -12"><span class='ocrx_word' id='word_1_180' title='bbox 233 1071 346 1118; x_wconf 76' lang='lat' dir='ltr'>rigite!</span> <span class='ocrx_word' id='word_1_181' title='bbox 383 1076 549 1116; x_wconf 85' lang='lat' dir='ltr'>Aegrotus</span> <span class='ocrx_word' id='word_1_182' title='bbox 577 1083 669 1113; x_wconf 89' lang='lat' dir='ltr'>quum</span> <span class='ocrx_word' id='word_1_183' title='bbox 699 1073 811 1102; x_wconf 85' lang='lat' dir='ltr'>iterum</span> <span class='ocrx_word' id='word_1_184' title='bbox 838 1072 978 1111; x_wconf 80' lang='lat' dir='ltr'>bibisset,</span> <span class='ocrx_word' id='word_1_185' title='bbox 1016 1070 1076 1099; x_wconf 90' lang='lat' dir='ltr'>hos</span> <span class='ocrx_word' id='word_1_186' title='bbox 1104 1078 1220 1098; x_wconf 86' lang='lat' dir='ltr'>versus</span> <span class='ocrx_word' id='word_1_187' title='bbox 1249 1069 1343 1099; x_wconf 78' lang='lat' dir='ltr'>dixit:</span> <span class='ocrx_word' id='word_1_188' title='bbox 1382 1068 1488 1112; x_wconf 87' lang='lat' dir='ltr'>(metr.</span> <span class='ocrx_word' id='word_1_189' title='bbox 1520 1066 1646 1111; x_wconf 83' lang='lat' dir='ltr'>Chafif)</span> <span class='ocrx_word' id='word_1_190' title='bbox 1677 1068 1703 1098; x_wconf 94' lang='lat'>0</span> <span class='ocrx_word' id='word_1_191' title='bbox 1744 1069 1921 1099; x_wconf 87' lang='lat' dir='ltr'>camelis</span> <span class='ocrx_word' id='word_1_192' title='bbox 1956 1079 2028 1099; x_wconf 84' lang='lat' dir='ltr'>ve-</span> 
     </span>
     <span class='ocr_line' id='line_1_17' title="bbox 235 1132 2029 1173; baseline -0.004 -4"><span class='ocrx_word' id='word_1_193' title='bbox 235 1133 407 1170; x_wconf 75' lang='lat' dir='ltr'>hentes!</span> <span class='ocrx_word' id='word_1_194' title='bbox 435 1138 619 1167; x_wconf 86' lang='lat' dir='ltr'>salutem</span> <span class='ocrx_word' id='word_1_195' title='bbox 647 1136 787 1166; x_wconf 88' lang='lat' dir='ltr'>dicite</span> <span class='ocrx_word' id='word_1_196' title='bbox 815 1139 854 1163; x_wconf 93' lang='lat' dir='ltr'>et</span> <span class='ocrx_word' id='word_1_197' title='bbox 889 1133 1143 1173; x_wconf 81' lang='lat' dir='ltr'>subsistite,</span> <span class='ocrx_word' id='word_1_198' title='bbox 1184 1136 1227 1161; x_wconf 89' lang='lat' dir='ltr'>ut</span> <span class='ocrx_word' id='word_1_199' title='bbox 1265 1132 1493 1171; x_wconf 84' lang='lat' dir='ltr'>loquamini</span> <span class='ocrx_word' id='word_1_200' title='bbox 1535 1137 1578 1162; x_wconf 89' lang='lat' dir='ltr'>et</span> <span class='ocrx_word' id='word_1_201' title='bbox 1617 1142 1698 1162; x_wconf 91' lang='lat' dir='ltr'>rem</span> <span class='ocrx_word' id='word_1_202' title='bbox 1737 1132 2029 1162; x_wconf 83' lang='lat' dir='ltr'>necessariam</span> 
     </span>
     <span class='ocr_line' id='line_1_18' title="bbox 235 1192 2029 1242; baseline -0.003 -11"><span class='ocrx_word' id='word_1_203' title='bbox 235 1200 476 1242; x_wconf 80' lang='lat' dir='ltr'>perficiatis</span> <span class='ocrx_word' id='word_1_204' title='bbox 504 1204 545 1229; x_wconf 90' lang='lat' dir='ltr'>et</span> <span class='ocrx_word' id='word_1_205' title='bbox 572 1198 783 1228; x_wconf 84' lang='lat' dir='ltr'>salutetis</span> <span class='ocrx_word' id='word_1_206' title='bbox 812 1200 851 1225; x_wconf 87' lang='lat' dir='ltr'>ct</span> <span class='ocrx_word' id='word_1_207' title='bbox 878 1195 1033 1235; x_wconf 84' lang='lat' dir='ltr'>praeda</span> <span class='ocrx_word' id='word_1_208' title='bbox 1061 1192 1297 1233; x_wconf 86' lang='lat' dir='ltr'>potiamini!</span> <span class='ocrx_word' id='word_1_209' title='bbox 1351 1195 1469 1224; x_wconf 79' lang='lat' dir='ltr'>Exiit</span> <span class='ocrx_word' id='word_1_210' title='bbox 1504 1194 1628 1224; x_wconf 86' lang='lat' dir='ltr'>nubes</span> <span class='ocrx_word' id='word_1_211' title='bbox 1656 1204 1673 1224; x_wconf 86' lang='lat' dir='ltr'>e</span> <span class='ocrx_word' id='word_1_212' title='bbox 1704 1195 1800 1224; x_wconf 87' lang='lat' dir='ltr'>mari</span> <span class='ocrx_word' id='word_1_213' title='bbox 1836 1198 1934 1233; x_wconf 89' lang='lat' dir='ltr'>potu</span> <span class='ocrx_word' id='word_1_214' title='bbox 1961 1204 2029 1225; x_wconf 89' lang='lat' dir='ltr'>sa-</span> 
     </span>
     <span class='ocr_line' id='line_1_19' title="bbox 238 1256 2029 1303; baseline -0.004 -9"><span class='ocrx_word' id='word_1_215' title='bbox 238 1264 349 1294; x_wconf 86' lang='lat' dir='ltr'>tiata</span> <span class='ocrx_word' id='word_1_216' title='bbox 375 1269 552 1303; x_wconf 70' lang='lat' dir='ltr'>sonans,</span> <span class='ocrx_word' id='word_1_217' title='bbox 581 1270 625 1290; x_wconf 86' lang='lat' dir='ltr'>ea</span> <span class='ocrx_word' id='word_1_218' title='bbox 652 1259 804 1289; x_wconf 82' lang='lat' dir='ltr'>fratris</span> <span class='ocrx_word' id='word_1_219' title='bbox 834 1258 909 1288; x_wconf 88' lang='lat' dir='ltr'>mei</span> <span class='ocrx_word' id='word_1_220' title='bbox 937 1267 1041 1287; x_wconf 82' lang='lat' dir='ltr'>uxor</span> <span class='ocrx_word' id='word_1_221' title='bbox 1065 1261 1105 1285; x_wconf 88' lang='lat' dir='ltr'>et</span> <span class='ocrx_word' id='word_1_222' title='bbox 1132 1266 1211 1296; x_wconf 83' lang='lat' dir='ltr'>ego</span> <span class='ocrx_word' id='word_1_223' title='bbox 1240 1256 1474 1297; x_wconf 80' lang='lat' dir='ltr'>contendo,</span> <span class='ocrx_word' id='word_1_224' title='bbox 1503 1266 1559 1285; x_wconf 86' lang='lat' dir='ltr'>me</span> <span class='ocrx_word' id='word_1_225' title='bbox 1587 1257 1681 1286; x_wconf 87' lang='lat' dir='ltr'>eius</span> <span class='ocrx_word' id='word_1_226' title='bbox 1709 1257 1887 1286; x_wconf 87' lang='lat' dir='ltr'>fratrem</span> <span class='ocrx_word' id='word_1_227' title='bbox 1915 1267 2029 1287; x_wconf 88' lang='lat' dir='ltr'>esse.</span> 
     </span>
     <span class='ocr_line' id='line_1_20' title="bbox 235 1318 2031 1364; baseline -0.004 -8"><span class='ocrx_word' id='word_1_228' title='bbox 235 1326 351 1356; x_wconf 82' lang='lat' dir='ltr'>Frater</span> <span class='ocrx_word' id='word_1_229' title='bbox 377 1324 501 1364; x_wconf 80' lang='lat' dir='ltr'>aegroti</span> <span class='ocrx_word' id='word_1_230' title='bbox 528 1323 638 1353; x_wconf 89' lang='lat' dir='ltr'>verbis</span> <span class='ocrx_word' id='word_1_231' title='bbox 668 1318 785 1352; x_wconf 83' lang='lat' dir='ltr'>auditis</span> <span class='ocrx_word' id='word_1_232' title='bbox 814 1330 948 1350; x_wconf 81' lang='lat' dir='ltr'>uxorem</span> <span class='ocrx_word' id='word_1_233' title='bbox 978 1320 1085 1349; x_wconf 81' lang='lat' dir='ltr'>statim</span> <span class='ocrx_word' id='word_1_234' title='bbox 1115 1319 1247 1358; x_wconf 87' lang='lat' dir='ltr'>repudio</span> <span class='ocrx_word' id='word_1_235' title='bbox 1276 1318 1407 1355; x_wconf 79' lang='lat' dir='ltr'>dimisit,</span> <span class='ocrx_word' id='word_1_236' title='bbox 1441 1327 1542 1356; x_wconf 84' lang='lat' dir='ltr'>eaque</span> <span class='ocrx_word' id='word_1_237' title='bbox 1577 1327 1614 1347; x_wconf 89' lang='lat' dir='ltr'>se</span> <span class='ocrx_word' id='word_1_238' title='bbox 1642 1318 1818 1359; x_wconf 88' lang='lat' dir='ltr'>abdicavit;</span> <span class='ocrx_word' id='word_1_239' title='bbox 1857 1318 1916 1348; x_wconf 89' lang='lat' dir='ltr'>sed</span> <span class='ocrx_word' id='word_1_240' title='bbox 1951 1319 2031 1348; x_wconf 82' lang='lat' dir='ltr'>alter</span> 
     </span>
     <span class='ocr_line' id='line_1_21' title="bbox 234 1379 2031 1428; baseline -0.004 -11"><span class='ocrx_word' id='word_1_241' title='bbox 234 1397 328 1428; x_wconf 88' lang='lat' dir='ltr'>quum</span> <span class='ocrx_word' id='word_1_242' title='bbox 357 1397 427 1417; x_wconf 87' lang='lat' dir='ltr'>eam</span> <span class='ocrx_word' id='word_1_243' title='bbox 454 1387 493 1416; x_wconf 93' lang='lat' dir='ltr'>ob</span> <span class='ocrx_word' id='word_1_244' title='bbox 520 1386 673 1426; x_wconf 87' lang='lat' dir='ltr'>pudorem</span> <span class='ocrx_word' id='word_1_245' title='bbox 702 1385 731 1414; x_wconf 93' lang='lat' dir='ltr'>iu</span> <span class='ocrx_word' id='word_1_246' title='bbox 759 1384 991 1414; x_wconf 78' lang='lat' dir='ltr'>matrimonium</span> <span class='ocrx_word' id='word_1_247' title='bbox 1020 1382 1137 1412; x_wconf 85' lang='lat' dir='ltr'>ducere</span> <span class='ocrx_word' id='word_1_248' title='bbox 1169 1384 1351 1418; x_wconf 81' lang='lat' dir='ltr'>recusaret,</span> <span class='ocrx_word' id='word_1_249' title='bbox 1390 1379 1516 1410; x_wconf 84' lang='lat' dir='ltr'>tandein</span> <span class='ocrx_word' id='word_1_250' title='bbox 1542 1380 1642 1409; x_wconf 90' lang='lat' dir='ltr'>vitam</span> <span class='ocrx_word' id='word_1_251' title='bbox 1670 1381 1857 1419; x_wconf 81' lang='lat' dir='ltr'>exspiravit.</span> <span class='ocrx_word' id='word_1_252' title='bbox 1910 1381 1944 1409; x_wconf 92' lang='lat' dir='ltr'>In</span> <span class='ocrx_word' id='word_1_253' title='bbox 1972 1390 2031 1420; x_wconf 82' lang='lat' dir='ltr'>po·-</span> 
     </span>
     <span class='ocr_line' id='line_1_22' title="bbox 233 1443 2030 1487; baseline -0.003 -7"><span class='ocrx_word' id='word_1_254' title='bbox 233 1450 370 1480; x_wconf 88' lang='lat' dir='ltr'>steriore</span> <span class='ocrx_word' id='word_1_255' title='bbox 398 1457 515 1478; x_wconf 89' lang='lat' dir='ltr'>versus</span> <span class='ocrx_word' id='word_1_256' title='bbox 542 1452 633 1487; x_wconf 78' lang='lat' dir='ltr'>parte</span> <span class='ocrx_word' id='word_1_257' title='bbox 661 1447 767 1477; x_wconf 87' lang='lat' dir='ltr'>dicere</span> <span class='ocrx_word' id='word_1_258' title='bbox 795 1447 864 1477; x_wconf 84' lang='lat' dir='ltr'>vult-</span> <span class='ocrx_word' id='word_1_259' title='bbox 892 1450 997 1486; x_wconf 83' lang='lat' dir='ltr'>poeta,</span> <span class='ocrx_word' id='word_1_260' title='bbox 1027 1455 1074 1485; x_wconf 80' lang='lat' dir='ltr'>se,</span> <span class='ocrx_word' id='word_1_261' title='bbox 1103 1450 1272 1484; x_wconf 79' lang='lat' dir='ltr'>postquam</span> <span class='ocrx_word' id='word_1_262' title='bbox 1302 1453 1422 1474; x_wconf 87' lang='lat' dir='ltr'>comam</span> <span class='ocrx_word' id='word_1_263' title='bbox 1451 1443 1522 1472; x_wconf 86' lang='lat' dir='ltr'>oleo</span> <span class='ocrx_word' id='word_1_264' title='bbox 1542 1444 1702 1485; x_wconf 78' lang='lat' dir='ltr'>unxisset,</span> <span class='ocrx_word' id='word_1_265' title='bbox 1732 1448 1816 1474; x_wconf 87' lang='lat' dir='ltr'>terra</span> <span class='ocrx_word' id='word_1_266' title='bbox 1834 1449 2030 1484; x_wconf 86' lang='lat' dir='ltr'>prostratum</span> 
     </span>
    </p>
   </div>
   <div class='ocr_carea' id='block_1_3' title="bbox 236 1506 1652 1551">
    <p class='ocr_par' dir='ltr' id='par_1_3' title="bbox 236 1506 1652 1551">
     <span class='ocr_line' id='line_1_23' title="bbox 236 1506 1652 1551; baseline -0.006 -9"><span class='ocrx_word' id='word_1_267' title='bbox 236 1522 352 1543; x_wconf 84' lang='lat' dir='ltr'>comam</span> <span class='ocrx_word' id='word_1_268' title='bbox 382 1512 515 1551; x_wconf 89' lang='lat' dir='ltr'>pulvere</span> <span class='ocrx_word' id='word_1_269' title='bbox 542 1510 733 1549; x_wconf 85' lang='lat' dir='ltr'>inquinatam</span> <span class='ocrx_word' id='word_1_270' title='bbox 764 1514 795 1539; x_wconf 90' lang='lat' dir='ltr'>et</span> <span class='ocrx_word' id='word_1_271' title='bbox 822 1508 1048 1539; x_wconf 85' lang='lat' dir='ltr'>cohaerentem</span> <span class='ocrx_word' id='word_1_272' title='bbox 1074 1509 1194 1538; x_wconf 83' lang='lat' dir='ltr'>habere</span> <span class='ocrx_word' id='word_1_273' title='bbox 1221 1509 1241 1537; x_wconf 90' lang='lat' dir='ltr'>i.</span> <span class='ocrx_word' id='word_1_274' title='bbox 1272 1517 1300 1539; x_wconf 86' lang='lat' dir='ltr'>e.</span> <span class='ocrx_word' id='word_1_275' title='bbox 1329 1516 1366 1536; x_wconf 91' lang='lat' dir='ltr'>se</span> <span class='ocrx_word' id='word_1_276' title='bbox 1394 1506 1537 1535; x_wconf 88' lang='lat' dir='ltr'>occisum</span> <span class='ocrx_word' id='word_1_277' title='bbox 1565 1516 1652 1535; x_wconf 87' lang='lat' dir='ltr'>esse.</span> 
     </span>
    </p>
   </div>
   <div class='ocr_carea' id='block_1_4' title="bbox 237 1602 2036 1645">
    <p class='ocr_par' dir='ltr' id='par_1_4' title="bbox 237 1602 2036 1645">
     <span class='ocr_line' id='line_1_24' title="bbox 237 1602 2036 1645; baseline -0.003 -8"><span class='ocrx_word' id='word_1_278' title='bbox 237 1610 270 1638; x_wconf 75' lang='lat'>2.</span> <span class='ocrx_word' id='word_1_279' title='bbox 294 1609 412 1639; x_wconf 77' lang='lat' dir='ltr'>Contra</span> <span class='ocrx_word' id='word_1_280' title='bbox 436 1617 483 1635; x_wconf 83' lang='lat' dir='ltr'>me</span> <span class='ocrx_word' id='word_1_281' title='bbox 506 1608 627 1645; x_wconf 78' lang='lat' dir='ltr'>equiles</span> <span class='ocrx_word' id='word_1_282' title='bbox 650 1608 828 1640; x_wconf 69' lang='lat' dir='ltr'>convertite,</span> <span class='ocrx_word' id='word_1_283' title='bbox 856 1608 886 1634; x_wconf 83' lang='lat' dir='ltr'>si</span> <span class='ocrx_word' id='word_1_284' title='bbox 907 1604 1099 1633; x_wconf 79' lang='lat' dir='ltr'>adreniwzl!</span> <span class='ocrx_word' id='word_1_285' title='bbox 1140 1604 1178 1633; x_wconf 80' lang='lat' dir='ltr'>Si</span> <span class='ocrx_word' id='word_1_286' title='bbox 1200 1614 1269 1632; x_wconf 78' lang='lat' dir='ltr'>cum</span> <span class='ocrx_word' id='word_1_287' title='bbox 1292 1605 1331 1631; x_wconf 83' lang='lat' dir='ltr'>iis</span> <span class='ocrx_word' id='word_1_288' title='bbox 1354 1612 1416 1630; x_wconf 83' lang='lat' dir='ltr'>mm</span> <span class='ocrx_word' id='word_1_289' title='bbox 1437 1611 1562 1639; x_wconf 73' lang='lat' dir='ltr'>puyno,</span> <span class='ocrx_word' id='word_1_290' title='bbox 1590 1612 1707 1631; x_wconf 79' lang='lat' dir='ltr'>comam</span> <span class='ocrx_word' id='word_1_291' title='bbox 1729 1613 1828 1632; x_wconf 81' lang='lat' dir='ltr'>meam</span> <span class='ocrx_word' id='word_1_292' title='bbox 1853 1602 2036 1640; x_wconf 79' lang='lat' dir='ltr'>ampulale!</span> 
     </span>
    </p>
   </div>
   <div class='ocr_carea' id='block_1_5' title="bbox 241 1672 2032 1777">
    <p class='ocr_par' dir='ltr' id='par_1_5' title="bbox 241 1672 2032 1777">
     <span class='ocr_line' id='line_1_25' title="bbox 338 1672 2032 1715; baseline -0.004 -9"><span class='ocrx_word' id='word_1_293' title='bbox 338 1677 443 1715; x_wconf 88' lang='lat' dir='ltr'>Quum</span> <span class='ocrx_word' id='word_1_294' title='bbox 471 1685 590 1706; x_wconf 85' lang='lat' dir='ltr'>comam</span> <span class='ocrx_word' id='word_1_295' title='bbox 617 1685 705 1705; x_wconf 90' lang='lat' dir='ltr'>suam</span> <span class='ocrx_word' id='word_1_296' title='bbox 734 1679 883 1714; x_wconf 87' lang='lat' dir='ltr'>tauquam</span> <span class='ocrx_word' id='word_1_297' title='bbox 911 1674 1034 1715; x_wconf 83' lang='lat' dir='ltr'>pignori</span> <span class='ocrx_word' id='word_1_298' title='bbox 1063 1673 1254 1703; x_wconf 82' lang='lat' dir='ltr'>fortitudinis</span> <span class='ocrx_word' id='word_1_299' title='bbox 1284 1673 1508 1711; x_wconf 80' lang='lat' dir='ltr'>opposuisset,</span> <span class='ocrx_word' id='word_1_300' title='bbox 1547 1681 1564 1700; x_wconf 84' lang='lat' dir='ltr'>a</span> <span class='ocrx_word' id='word_1_301' title='bbox 1600 1672 1668 1700; x_wconf 88' lang='lat' dir='ltr'>suis</span> <span class='ocrx_word' id='word_1_302' title='bbox 1697 1673 1806 1710; x_wconf 86' lang='lat' dir='ltr'>petiit,</span> <span class='ocrx_word' id='word_1_303' title='bbox 1846 1677 1879 1702; x_wconf 91' lang='lat' dir='ltr'>ut</span> <span class='ocrx_word' id='word_1_304' title='bbox 1907 1674 2032 1711; x_wconf 84' lang='lat' dir='ltr'>equites</span> 
     </span>
     <span class='ocr_line' id='line_1_26' title="bbox 241 1734 2032 1777; baseline -0.002 -9"><span class='ocrx_word' id='word_1_305' title='bbox 241 1739 381 1769; x_wconf 87' lang='lat' dir='ltr'>hostium</span> <span class='ocrx_word' id='word_1_306' title='bbox 408 1744 517 1768; x_wconf 84' lang='lat' dir='ltr'>contra</span> <span class='ocrx_word' id='word_1_307' title='bbox 544 1739 645 1777; x_wconf 90' lang='lat' dir='ltr'>ipsum</span> <span class='ocrx_word' id='word_1_308' title='bbox 672 1742 848 1777; x_wconf 83' lang='lat' dir='ltr'>verterent,</span> <span class='ocrx_word' id='word_1_309' title='bbox 877 1737 990 1776; x_wconf 89' lang='lat' dir='ltr'>quibus</span> <span class='ocrx_word' id='word_1_310' title='bbox 1018 1735 1213 1765; x_wconf 85' lang='lat' dir='ltr'>debellandis</span> <span class='ocrx_word' id='word_1_311' title='bbox 1234 1734 1449 1764; x_wconf 86' lang='lat' dir='ltr'>fortitudinem</span> <span class='ocrx_word' id='word_1_312' title='bbox 1470 1734 1630 1773; x_wconf 82' lang='lat' dir='ltr'>probaret.</span> <span class='ocrx_word' id='word_1_313' title='bbox 1659 1735 1752 1764; x_wconf 90' lang='lat' dir='ltr'>Hunc</span> <span class='ocrx_word' id='word_1_314' title='bbox 1771 1739 1878 1765; x_wconf 86' lang='lat' dir='ltr'>autem</span> <span class='ocrx_word' id='word_1_315' title='bbox 1901 1744 2032 1764; x_wconf 80' lang='lat' dir='ltr'>versum</span> 
     </span>
    </p>
   </div>
   <div class='ocr_carea' id='block_1_6' title="bbox 242 1799 1083 1840">
    <p class='ocr_par' dir='ltr' id='par_1_6' title="bbox 242 1799 1083 1840">
     <span class='ocr_line' id='line_1_27' title="bbox 242 1799 1083 1840; baseline -0.005 -9"><span class='ocrx_word' id='word_1_316' title='bbox 242 1803 273 1832; x_wconf 92' lang='lat' dir='ltr'>in</span> <span class='ocrx_word' id='word_1_317' title='bbox 300 1802 457 1832; x_wconf 82' lang='lat' dir='ltr'>Mersukii</span> <span class='ocrx_word' id='word_1_318' title='bbox 485 1801 594 1831; x_wconf 85' lang='lat' dir='ltr'>codice</span> <span class='ocrx_word' id='word_1_319' title='bbox 622 1805 694 1840; x_wconf 88' lang='lat' dir='ltr'>post</span> <span class='ocrx_word' id='word_1_320' title='bbox 720 1805 909 1839; x_wconf 88' lang='lat' dir='ltr'>sequentem</span> <span class='ocrx_word' id='word_1_321' title='bbox 937 1799 1083 1840; x_wconf 85' lang='lat' dir='ltr'>legimus.</span> 
     </span>
    </p>
   </div>
   <div class='ocr_carea' id='block_1_7' title="bbox 241 1892 2037 1988">
    <p class='ocr_par' dir='ltr' id='par_1_7' title="bbox 241 1892 2037 1988">
     <span class='ocr_line' id='line_1_28' title="bbox 241 1892 2037 1939; baseline -0.004 -11"><span class='ocrx_word' id='word_1_322' title='bbox 241 1896 310 1939; x_wconf 69' lang='lat' dir='ltr'>sp.</span> <span class='ocrx_word' id='word_1_323' title='bbox 327 1896 459 1938; x_wconf 65' lang='lat'><strong>253.)</strong></span> <span class='ocrx_word' id='word_1_324' title='bbox 481 1898 514 1927; x_wconf 89' lang='grc'>3.</span> <span class='ocrx_word' id='word_1_325' title='bbox 538 1898 608 1926; x_wconf 80' lang='lat' dir='ltr'>Iam</span> <span class='ocrx_word' id='word_1_326' title='bbox 632 1901 731 1926; x_wconf 78' lang='lat' dir='ltr'>mater</span> <span class='ocrx_word' id='word_1_327' title='bbox 754 1899 854 1933; x_wconf 75' lang='lat' dir='ltr'>scirit,</span> <span class='ocrx_word' id='word_1_328' title='bbox 881 1896 1004 1935; x_wconf 78' lang='lat' dir='ltr'>qualem</span> <span class='ocrx_word' id='word_1_329' title='bbox 1028 1896 1070 1923; x_wconf 77' lang='lat' dir='ltr'>ad</span> <span class='ocrx_word' id='word_1_330' title='bbox 1088 1904 1124 1923; x_wconf 77' lang='lat' dir='ltr'>se</span> <span class='ocrx_word' id='word_1_331' title='bbox 1147 1894 1322 1922; x_wconf 75' lang='lat' dir='ltr'>attraheret</span> <span class='ocrx_word' id='word_1_332' title='bbox 1343 1896 1373 1921; x_wconf 81' lang='lat' dir='ltr'>et</span> <span class='ocrx_word' id='word_1_333' title='bbox 1393 1892 1517 1931; x_wconf 79' lang='lat' dir='ltr'>qualem</span> <span class='ocrx_word' id='word_1_334' title='bbox 1536 1894 1655 1930; x_wconf 81' lang='lat' dir='ltr'>pannis</span> <span class='ocrx_word' id='word_1_335' title='bbox 1676 1893 1793 1922; x_wconf 79' lang='lat' dir='ltr'>laceris</span> <span class='ocrx_word' id='word_1_336' title='bbox 1814 1894 1985 1923; x_wconf 75' lang='lat' dir='ltr'>involveret</span> <span class='ocrx_word' id='word_1_337' title='bbox 2007 1896 2037 1922; x_wconf 80' lang='lat' dir='ltr'>et</span> 
     </span>
     <span class='ocr_line' id='line_1_29' title="bbox 989 1948 1297 1988; baseline -0.006 -11"><span class='ocrx_word' id='word_1_338' title='bbox 989 1949 1113 1988; x_wconf 78' lang='lat' dir='ltr'>qualem</span> <span class='ocrx_word' id='word_1_339' title='bbox 1137 1948 1297 1986; x_wconf 78' lang='lat' dir='ltr'>olfaceret.</span> 
     </span>
    </p>
   </div>
   <div class='ocr_carea' id='block_1_8' title="bbox 245 2015 2041 2555">
    <p class='ocr_par' dir='ltr' id='par_1_8' title="bbox 245 2015 2041 2555">
     <span class='ocr_line' id='line_1_30' title="bbox 345 2015 2035 2060; baseline -0.004 -11"><span class='ocrx_word' id='word_1_340' title='bbox 345 2020 438 2060; x_wconf 83' lang='lat' dir='ltr'>Dicit,</span> <span class='ocrx_word' id='word_1_341' title='bbox 478 2024 612 2048; x_wconf 87' lang='lat' dir='ltr'>matrem</span> <span class='ocrx_word' id='word_1_342' title='bbox 640 2018 744 2057; x_wconf 84' lang='lat' dir='ltr'>ipsum</span> <span class='ocrx_word' id='word_1_343' title='bbox 781 2027 896 2048; x_wconf 72' lang='lat' dir='ltr'>recens</span> <span class='ocrx_word' id='word_1_344' title='bbox 932 2023 1039 2047; x_wconf 85' lang='lat' dir='ltr'>uatum</span> <span class='ocrx_word' id='word_1_345' title='bbox 1075 2017 1191 2046; x_wconf 84' lang='lat' dir='ltr'>fortem</span> <span class='ocrx_word' id='word_1_346' title='bbox 1224 2016 1362 2046; x_wconf 84' lang='lat' dir='ltr'>futurum</span> <span class='ocrx_word' id='word_1_347' title='bbox 1395 2017 1602 2057; x_wconf 85' lang='lat' dir='ltr'>cognovisse.</span> <span class='ocrx_word' id='word_1_348' title='bbox 1655 2015 1764 2046; x_wconf 87' lang='lat' dir='ltr'>Verbo</span> <span class='ocrx_word' id='word_1_349' title='bbox 1787 2023 1884 2048; x_wconf 52' lang='grc' dir='ltr'>ωλι.»</span> <span class='ocrx_word' id='word_1_350' title='bbox 1910 2020 2035 2053; x_wconf 86' lang='lat' dir='ltr'>tempus</span> 
     </span>
     <span class='ocr_line' id='line_1_31' title="bbox 245 2076 2035 2124; baseline -0.004 -12"><span class='ocrx_word' id='word_1_351' title='bbox 245 2082 414 2124; x_wconf 84' lang='lat' dir='ltr'>designat,</span> <span class='ocrx_word' id='word_1_352' title='bbox 454 2091 514 2120; x_wconf 89' lang='lat' dir='ltr'>quo</span> <span class='ocrx_word' id='word_1_353' title='bbox 554 2085 653 2110; x_wconf 88' lang='lat' dir='ltr'>mater</span> <span class='ocrx_word' id='word_1_354' title='bbox 687 2090 799 2110; x_wconf 83' lang='lat' dir='ltr'>recens</span> <span class='ocrx_word' id='word_1_355' title='bbox 836 2086 943 2111; x_wconf 84' lang='lat' dir='ltr'>natum</span> <span class='ocrx_word' id='word_1_356' title='bbox 980 2080 1129 2110; x_wconf 82' lang='lat' dir='ltr'>infantem</span> <span class='ocrx_word' id='word_1_357' title='bbox 1165 2078 1204 2108; x_wconf 85' lang='lat' dir='ltr'>ad</span> <span class='ocrx_word' id='word_1_358' title='bbox 1232 2088 1269 2107; x_wconf 88' lang='lat' dir='ltr'>se</span> <span class='ocrx_word' id='word_1_359' title='bbox 1297 2078 1426 2108; x_wconf 84' lang='lat' dir='ltr'>trahens</span> <span class='ocrx_word' id='word_1_360' title='bbox 1455 2078 1483 2107; x_wconf 92' lang='lat' dir='ltr'>in</span> <span class='ocrx_word' id='word_1_361' title='bbox 1511 2078 1630 2118; x_wconf 70' lang='lat' dir='ltr'>gremio</span> <span class='ocrx_word' id='word_1_362' title='bbox 1658 2078 1813 2116; x_wconf 88' lang='lat' dir='ltr'>reciperet</span> <span class='ocrx_word' id='word_1_363' title='bbox 1840 2082 1872 2106; x_wconf 86' lang='lat' dir='ltr'>et</span> <span class='ocrx_word' id='word_1_364' title='bbox 1898 2076 2035 2106; x_wconf 78' lang='lat' dir='ltr'>foveret.</span> 
     </span>
     <span class='ocr_line' id='line_1_32' title="bbox 245 2139 2036 2182; baseline -0.004 -8"><span class='ocrx_word' id='word_1_365' title='bbox 245 2146 387 2174; x_wconf 80' lang='lat' dir='ltr'>Laceros</span> <span class='ocrx_word' id='word_1_366' title='bbox 413 2148 521 2174; x_wconf 87' lang='lat' dir='ltr'>autem</span> <span class='ocrx_word' id='word_1_367' title='bbox 548 2152 670 2182; x_wconf 87' lang='lat' dir='ltr'>pannos</span> <span class='ocrx_word' id='word_1_368' title='bbox 701 2143 887 2182; x_wconf 83' lang='lat' dir='ltr'>appellavit,</span> <span class='ocrx_word' id='word_1_369' title='bbox 916 2143 988 2181; x_wconf 85' lang='lat' dir='ltr'>quia</span> <span class='ocrx_word' id='word_1_370' title='bbox 1016 2142 1129 2172; x_wconf 86' lang='lat' dir='ltr'>talibus</span> <span class='ocrx_word' id='word_1_371' title='bbox 1157 2142 1350 2171; x_wconf 88' lang='lat' dir='ltr'>mollioribus</span> <span class='ocrx_word' id='word_1_372' title='bbox 1371 2142 1416 2171; x_wconf 94' lang='lat' dir='ltr'>uti</span> <span class='ocrx_word' id='word_1_373' title='bbox 1434 2141 1580 2170; x_wconf 84' lang='lat' dir='ltr'>solebant</span> <span class='ocrx_word' id='word_1_374' title='bbox 1604 2146 1733 2170; x_wconf 89' lang='lat' dir='ltr'>matres.</span> <span class='ocrx_word' id='word_1_375' title='bbox 1763 2140 1850 2169; x_wconf 89' lang='lat' dir='ltr'>Loco</span> <span class='ocrx_word' id='word_1_376' title='bbox 1870 2139 2036 2168; x_wconf 86' lang='lat' dir='ltr'>verborum</span> 
     </span>
     <span class='ocr_line' id='line_1_33' title="bbox 247 2189 2035 2246; baseline -0.004 -12"><span class='ocrx_word' id='word_1_377' title='bbox 247 2204 336 2240; x_wconf 40' lang='grc' dir='ltr'>θεώ</span> <span class='ocrx_word' id='word_1_378' title='bbox 364 2205 388 2234; x_wconf 75' lang='lat' dir='ltr'>Lo</span> <span class='ocrx_word' id='word_1_379' title='bbox 413 2211 507 2246; x_wconf 87' lang='lat' dir='ltr'>sunt,</span> <span class='ocrx_word' id='word_1_380' title='bbox 549 2207 600 2244; x_wconf 93' lang='lat' dir='ltr'>qui</span> <span class='ocrx_word' id='word_1_381' title='bbox 628 2206 737 2245; x_wconf 82' lang='lat' dir='ltr'>legant</span> <span class='ocrx_word' id='word_1_382' title='bbox 763 2202 889 2246; x_wconf 40' lang='lat' dir='ltr'>wizai),</span> <span class='ocrx_word' id='word_1_383' title='bbox 933 2206 977 2235; x_wconf 91' lang='lat' dir='ltr'>ita</span> <span class='ocrx_word' id='word_1_384' title='bbox 1006 2189 1050 2235; x_wconf 19' lang='lat' dir='ltr'>rut</span> <span class='ocrx_word' id='word_1_385' title='bbox 1077 2206 1209 2236; x_wconf 83' lang='lat' dir='ltr'>verbum</span> <span class='ocrx_word' id='word_1_386' title='bbox 1237 2214 1307 2234; x_wconf 82' lang='lat' dir='ltr'>cuin</span> <span class='ocrx_word' id='word_1_387' title='bbox 1335 2205 1434 2233; x_wconf 82' lang='lat' dir='ltr'>verbo</span> <span class='ocrx_word' id='word_1_388' title='bbox 1470 2211 1566 2235; x_wconf 57' lang='lat' dir='ltr'><em>W</em></span> <span class='ocrx_word' id='word_1_389' title='bbox 1602 2202 1715 2242; x_wconf 87' lang='lat' dir='ltr'>copula</span> <span class='ocrx_word' id='word_1_390' title='bbox 1745 2203 1945 2231; x_wconf 88' lang='lat' dir='ltr'>coniunctum</span> <span class='ocrx_word' id='word_1_391' title='bbox 1983 2200 2035 2228; x_wconf 86' lang='lat' dir='ltr'>sit.</span> 
     </span>
     <span class='ocr_line' id='line_1_34' title="bbox 250 2263 2035 2308; baseline -0.005 -9"><span class='ocrx_word' id='word_1_392' title='bbox 250 2269 312 2307; x_wconf 86' lang='lat' dir='ltr'>Qui</span> <span class='ocrx_word' id='word_1_393' title='bbox 339 2269 475 2299; x_wconf 84' lang='lat' dir='ltr'>alterum</span> <span class='ocrx_word' id='word_1_394' title='bbox 503 2267 629 2307; x_wconf 80' lang='lat' dir='ltr'>legendi</span> <span class='ocrx_word' id='word_1_395' title='bbox 657 2267 781 2297; x_wconf 86' lang='lat' dir='ltr'>modum</span> <span class='ocrx_word' id='word_1_396' title='bbox 808 2268 961 2308; x_wconf 77' lang='lat' dir='ltr'>praefert,</span> <span class='ocrx_word' id='word_1_397' title='bbox 989 2268 1018 2297; x_wconf 87' lang='lat' dir='ltr'>ei</span> <span class='ocrx_word' id='word_1_398' title='bbox 1043 2268 1142 2297; x_wconf 79' lang='lat' dir='ltr'>verba</span> <span class='ocrx_word' id='word_1_399' title='bbox 1169 2265 1258 2299; x_wconf 40' lang='lat'>&amp;5223</span> <span class='ocrx_word' id='word_1_400' title='bbox 1281 2263 1304 2293; x_wconf 54' lang='lat' dir='ltr'>l.»</span> <span class='ocrx_word' id='word_1_401' title='bbox 1331 2266 1438 2295; x_wconf 85' lang='lat' dir='ltr'>verbis</span> <span class='ocrx_word' id='word_1_402' title='bbox 1464 2263 1599 2298; x_wconf 50' lang='lat' dir='ltr'>wia</span> <span class='ocrx_word' id='word_1_403' title='bbox 1619 2265 1828 2304; x_wconf 86' lang='lat' dir='ltr'>appositionis</span> <span class='ocrx_word' id='word_1_404' title='bbox 1855 2264 1923 2292; x_wconf 90' lang='lat' dir='ltr'>loco</span> <span class='ocrx_word' id='word_1_405' title='bbox 1951 2267 2035 2291; x_wconf 85' lang='lat' dir='ltr'>sunt.</span> 
     </span>
     <span class='ocr_line' id='line_1_35' title="bbox 249 2323 2037 2369; baseline -0.004 -10"><span class='ocrx_word' id='word_1_406' title='bbox 249 2330 427 2359; x_wconf 83' lang='lat' dir='ltr'>Pronomen</span> <span class='ocrx_word' id='word_1_407' title='bbox 454 2334 560 2358; x_wconf 86' lang='lat' dir='ltr'>autem</span> <span class='ocrx_word' id='word_1_408' title='bbox 589 2326 612 2356; x_wconf 55' lang='lat' dir='ltr'>[a</span> <span class='ocrx_word' id='word_1_409' title='bbox 640 2325 765 2369; x_wconf 58' lang='lat' dir='ltr'>(dy—25⁴⁰</span> <span class='ocrx_word' id='word_1_410' title='bbox 792 2329 898 2358; x_wconf 87' lang='lat' dir='ltr'>conf.</span> <span class='ocrx_word' id='word_1_411' title='bbox 928 2328 1037 2359; x_wconf 84' lang='lat' dir='ltr'>Gram.</span> <span class='ocrx_word' id='word_1_412' title='bbox 1056 2331 1113 2360; x_wconf 82' lang='lat' dir='ltr'>Ar.</span> <span class='ocrx_word' id='word_1_413' title='bbox 1141 2331 1177 2360; x_wconf 90' lang='grc' dir='ltr'>Τ.</span> <span class='ocrx_word' id='word_1_414' title='bbox 1205 2331 1228 2358; x_wconf 92' lang='lat'>1.</span> <span class='ocrx_word' id='word_1_415' title='bbox 1257 2338 1286 2367; x_wconf 90' lang='lat' dir='ltr'>p.</span> <span class='ocrx_word' id='word_1_416' title='bbox 1316 2327 1387 2356; x_wconf 72' lang='lat'>443</span> <span class='ocrx_word' id='word_1_417' title='bbox 1414 2329 1483 2367; x_wconf 88' lang='lat' dir='ltr'>sq.)</span> <span class='ocrx_word' id='word_1_418' title='bbox 1507 2328 1567 2366; x_wconf 89' lang='lat' dir='ltr'>ipsi</span> <span class='ocrx_word' id='word_1_419' title='bbox 1595 2327 1768 2366; x_wconf 89' lang='lat' dir='ltr'>pronomini</span> <span class='ocrx_word' id='word_1_420' title='bbox 1796 2323 1819 2353; x_wconf 58' lang='lat' dir='ltr'>t.</span> <span class='ocrx_word' id='word_1_421' title='bbox 1848 2324 2037 2364; x_wconf 84' lang='lat' dir='ltr'>appositioni</span> 
     </span>
     <span class='ocr_line' id='line_1_36' title="bbox 249 2385 2037 2430; baseline -0.004 -9"><span class='ocrx_word' id='word_1_422' title='bbox 249 2401 324 2421; x_wconf 87' lang='lat' dir='ltr'>esse</span> <span class='ocrx_word' id='word_1_423' title='bbox 349 2401 411 2420; x_wconf 83' lang='lat' dir='ltr'>non</span> <span class='ocrx_word' id='word_1_424' title='bbox 436 2395 556 2430; x_wconf 89' lang='lat' dir='ltr'>potest,</span> <span class='ocrx_word' id='word_1_425' title='bbox 588 2391 647 2420; x_wconf 89' lang='lat' dir='ltr'>nisi</span> <span class='ocrx_word' id='word_1_426' title='bbox 676 2400 773 2430; x_wconf 89' lang='lat' dir='ltr'>quum</span> <span class='ocrx_word' id='word_1_427' title='bbox 800 2389 910 2429; x_wconf 84' lang='lat' dir='ltr'>phrasi</span> <span class='ocrx_word' id='word_1_428' title='bbox 937 2401 1008 2421; x_wconf 89' lang='lat' dir='ltr'>cum</span> <span class='ocrx_word' id='word_1_429' title='bbox 1037 2400 1074 2420; x_wconf 92' lang='lat' dir='ltr'>eo</span> <span class='ocrx_word' id='word_1_430' title='bbox 1102 2393 1268 2422; x_wconf 86' lang='lat' dir='ltr'>coniuncta</span> <span class='ocrx_word' id='word_1_431' title='bbox 1296 2388 1391 2430; x_wconf 48' lang='lat' dir='ltr'>(alo)</span> <span class='ocrx_word' id='word_1_432' title='bbox 1420 2400 1472 2420; x_wconf 89' lang='lat' dir='ltr'>res</span> <span class='ocrx_word' id='word_1_433' title='bbox 1502 2390 1605 2430; x_wconf 87' lang='lat' dir='ltr'>magis</span> <span class='ocrx_word' id='word_1_434' title='bbox 1640 2390 1836 2428; x_wconf 85' lang='lat' dir='ltr'>illustratur,</span> <span class='ocrx_word' id='word_1_435' title='bbox 1869 2396 1941 2416; x_wconf 84' lang='lat' dir='ltr'>nam</span> <span class='ocrx_word' id='word_1_436' title='bbox 1977 2385 2037 2415; x_wconf 87' lang='lat' dir='ltr'>duo</span> 
     </span>
     <span class='ocr_line' id='line_1_37' title="bbox 250 2448 2039 2493; baseline -0.003 -11"><span class='ocrx_word' id='word_1_437' title='bbox 250 2455 435 2493; x_wconf 90' lang='lat' dir='ltr'>pronomina</span> <span class='ocrx_word' id='word_1_438' title='bbox 462 2453 571 2492; x_wconf 84' lang='lat' dir='ltr'>phrasi</span> <span class='ocrx_word' id='word_1_439' title='bbox 598 2462 665 2482; x_wconf 88' lang='lat' dir='ltr'>cum</span> <span class='ocrx_word' id='word_1_440' title='bbox 694 2452 773 2491; x_wconf 86' lang='lat' dir='ltr'>ipsis</span> <span class='ocrx_word' id='word_1_441' title='bbox 802 2453 971 2483; x_wconf 78' lang='lat' dir='ltr'>coniuncta</span> <span class='ocrx_word' id='word_1_442' title='bbox 995 2453 1149 2483; x_wconf 86' lang='lat' dir='ltr'>destituta</span> <span class='ocrx_word' id='word_1_443' title='bbox 1175 2463 1270 2483; x_wconf 88' lang='lat' dir='ltr'>unum</span> <span class='ocrx_word' id='word_1_444' title='bbox 1298 2452 1443 2491; x_wconf 86' lang='lat' dir='ltr'>idemque</span> <span class='ocrx_word' id='word_1_445' title='bbox 1471 2457 1555 2481; x_wconf 85' lang='lat' dir='ltr'>sunt.</span> <span class='ocrx_word' id='word_1_446' title='bbox 1607 2451 1661 2481; x_wconf 92' lang='lat' dir='ltr'>Nil</span> <span class='ocrx_word' id='word_1_447' title='bbox 1688 2454 1793 2480; x_wconf 88' lang='lat' dir='ltr'>autem</span> <span class='ocrx_word' id='word_1_448' title='bbox 1821 2449 1938 2487; x_wconf 86' lang='lat' dir='ltr'>obstat,</span> <span class='ocrx_word' id='word_1_449' title='bbox 1968 2448 2039 2486; x_wconf 90' lang='lat' dir='ltr'>quin</span> 
     </span>
     <span class='ocr_line' id='line_1_38' title="bbox 252 2509 2041 2555; baseline -0.004 -11"><span class='ocrx_word' id='word_1_450' title='bbox 252 2525 319 2546; x_wconf 81' lang='lat' dir='ltr'>vox</span> <span class='ocrx_word' id='word_1_451' title='bbox 345 2514 369 2543; x_wconf 73' lang='lat' dir='ltr'>Lo</span> <span class='ocrx_word' id='word_1_452' title='bbox 395 2525 568 2554; x_wconf 89' lang='lat' dir='ltr'>pronomen</span> <span class='ocrx_word' id='word_1_453' title='bbox 595 2515 863 2555; x_wconf 84' lang='lat' dir='ltr'>interrogativum</span> <span class='ocrx_word' id='word_1_454' title='bbox 890 2515 951 2552; x_wconf 83' lang='lat' dir='ltr'>sit,</span> <span class='ocrx_word' id='word_1_455' title='bbox 987 2515 1031 2544; x_wconf 87' lang='lat' dir='ltr'>ita</span> <span class='ocrx_word' id='word_1_456' title='bbox 1066 2520 1101 2544; x_wconf 92' lang='lat' dir='ltr'>ut</span> <span class='ocrx_word' id='word_1_457' title='bbox 1138 2524 1207 2544; x_wconf 91' lang='lat' dir='ltr'>cum</span> <span class='ocrx_word' id='word_1_458' title='bbox 1243 2514 1351 2554; x_wconf 87' lang='lat' dir='ltr'>phrasi</span> <span class='ocrx_word' id='word_1_459' title='bbox 1388 2515 1493 2544; x_wconf 91' lang='lat' dir='ltr'>locum</span> <span class='ocrx_word' id='word_1_460' title='bbox 1534 2522 1632 2543; x_wconf 84' lang='lat' dir='ltr'>casus</span> <span class='ocrx_word' id='word_1_461' title='bbox 1667 2509 1847 2541; x_wconf 84' lang='lat' dir='ltr'>accusativi</span> <span class='ocrx_word' id='word_1_462' title='bbox 1874 2512 1981 2539; x_wconf 84' lang='lat' dir='ltr'>teneat</span> <span class='ocrx_word' id='word_1_463' title='bbox 2009 2514 2041 2538; x_wconf 87' lang='lat' dir='ltr'>et</span> 
     </span>
    </p>
   </div>
   <div class='ocr_carea' id='block_1_9' title="bbox 255 2568 2041 2617">
    <p class='ocr_par' dir='ltr' id='par_1_9' title="bbox 255 2568 2041 2617">
     <span class='ocr_line' id='line_1_39' title="bbox 255 2568 2041 2617; baseline -0.004 -11"><span class='ocrx_word' id='word_1_464' title='bbox 255 2577 412 2617; x_wconf 87' lang='lat' dir='ltr'>posterior</span> <span class='ocrx_word' id='word_1_465' title='bbox 437 2577 563 2616; x_wconf 81' lang='lat' dir='ltr'>phrasis</span> <span class='ocrx_word' id='word_1_466' title='bbox 593 2577 687 2616; x_wconf 90' lang='lat' dir='ltr'>priori</span> <span class='ocrx_word' id='word_1_467' title='bbox 715 2577 864 2616; x_wconf 77' lang='lat' dir='ltr'>apposita</span> <span class='ocrx_word' id='word_1_468' title='bbox 891 2586 954 2606; x_wconf 85' lang='lat' dir='ltr'>rem</span> <span class='ocrx_word' id='word_1_469' title='bbox 982 2577 1151 2616; x_wconf 86' lang='lat' dir='ltr'>amplificet</span> <span class='ocrx_word' id='word_1_470' title='bbox 1177 2581 1209 2607; x_wconf 89' lang='lat' dir='ltr'>et</span> <span class='ocrx_word' id='word_1_471' title='bbox 1236 2577 1412 2608; x_wconf 83' lang='lat' dir='ltr'>confirmet.</span> <span class='ocrx_word' id='word_1_472' title='bbox 1477 2577 1564 2606; x_wconf 81' lang='lat' dir='ltr'>Loco</span> <span class='ocrx_word' id='word_1_473' title='bbox 1592 2575 1681 2604; x_wconf 84' lang='lat' dir='ltr'>vocis</span> <span class='ocrx_word' id='word_1_474' title='bbox 1709 2568 1795 2611; x_wconf 57' lang='grc' dir='ltr'>ωὸἱ,</span> <span class='ocrx_word' id='word_1_475' title='bbox 1824 2572 1855 2601; x_wconf 90' lang='lat' dir='ltr'>in</span> <span class='ocrx_word' id='word_1_476' title='bbox 1882 2570 2041 2600; x_wconf 81' lang='lat' dir='ltr'>Mersukii</span> 
     </span>
    </p>
   </div>
  </div>
 </body>
</html>
