2247 2865
976 69 1242 100 -413-

215 171 321 203 xisse:
353 170 463 209 (metr.
491 169 630 210 Redjes)
658 169 870 200 Habenam
897 168 944 199 ad
971 178 1045 198 nos
1074 169 1266 200 deflecte
1301 173 1344 199 et
1380 172 1608 210 exspecta,
1650 180 1667 199 ο
1697 167 1901 201 Futhima!
1945 171 2001 201 ita
2046 187 2049 191 —

214 238 368 272 tamen,
397 238 441 264 ut
466 242 585 264 nemo
615 233 816 263 camelum
841 235 1024 262 stantem
1050 231 1205 262 videat.
1250 232 1329 261 Illa
1357 236 1494 261 autem
1522 231 1770 261 claudicare
1797 233 1904 263 fecit
1931 242 1997 263 ca-

214 295 363 325 melum
393 295 500 325 bone
526 303 572 325 se
598 295 843 335 habentem,
870 295 1112 335 robustum,
1149 303 1355 334 crassum,
1387 294 1459 333 qui
1487 294 1623 324 vincit
1649 300 1856 333 angustos
1883 304 2000 335 gres-

214 367 285 388 sus
313 358 544 398 facientem,
565 358 746 398 celeres,
766 357 890 397 quasi
918 357 955 386 in
983 358 1081 386 l'une
1109 357 1200 386 eius
1228 361 1378 386 natans
1404 359 1519 385 essct
1548 355 1676 395 modo,
1703 365 1774 394 quo
1803 357 1905 395 aqua
1933 366 2000 386 ve-

213 422 317 452 hens
344 424 469 452 navis
496 425 631 452 natat.
685 419 712 450 0
740 425 781 449 tu
808 420 1101 450 incursionem
1132 415 1322 449 faciens!
1359 419 1510 448 salvus
1540 419 1715 449 rediisti
1743 430 1794 450 ex
1821 420 1999 459 expedi-

214 485 335 514 tione
362 494 453 515 cum
480 482 719 523 commodo,
740 482 901 522 praeda
929 483 1116 521 potitus:
1145 492 1162 510 0
1192 487 1245 520 tu,
1273 482 1342 520 qui
1371 491 1422 511 me
1449 483 1676 521 vituperas
1705 483 1883 512 barbaro
1911 492 2000 512 ser-

213 555 326 577 mone
352 551 494 587 utens,
531 547 563 576 si
592 547 692 577 tuin
720 556 861 576 amore
889 546 1073 576 medicus
1101 555 1257 585 gnarus
1284 554 1348 584 οε,
1375 547 1516 584 seiaS,
1543 545 1756 574 ustionem
1773 545 1799 583 ¹)
1827 550 1867 574 et
1892 553 1999 574 amu-

213 609 299 640 leta
324 617 399 638 non
427 608 635 648 prodesse
662 608 786 639 cordi
813 607 1005 648 adfecto,
1036 606 1358 645 obstupefacto,
1378 615 1514 644 neque
1542 614 1781 647 occursum,
1802 606 1885 635 nisi
1914 606 2001 636 leni

212 681 402 702 sermone
429 672 573 702 utaris
601 681 689 702 cum
724 671 871 711 puella
906 671 1042 712 molli>
1077 671 1205 700 cuius
1239 674 1362 699 nates
1402 674 1442 699 et
1476 669 1625 700 clunes
1662 670 2000 709 protuberantes

212 735 374 764 similes
403 739 500 764 sunt
527 734 734 764 tractibus
762 744 984 764 arenarum
1014 734 1145 764 elatis
1174 738 1253 762 tam
1281 732 1429 762 mixtis
1459 742 1547 762 cum
1583 732 1685 761 aliis
1722 741 1840 771 quam
1876 739 2001 770 sepa-

212 793 372 838 ratisn).
425 797 511 826 Hoc
547 796 695 826 melius
731 802 813 838 est,
853 806 969 836 quam
1004 797 1111 836 quod
1145 796 1288 826 ventis
1328 794 1515 824 fervidis
1551 794 1714 823 obviam
1748 794 1781 823 is
1817 798 1855 823 et
1890 802 2002 832 quam

210 859 383 896 clamor,
411 867 486 897 quo
513 858 714 888 auxilium
742 859 776 888 in
804 859 1166 900 constringendis
1193 857 1456 888 utensilibus
1493 865 1622 895 super
1658 855 1817 884 camelo
1851 853 1999 893 petis«

210 920 400 951 Hodbahum
428 926 534 950 autem
564 921 643 950 haec
669 921 708 950 ob
735 921 834 951 verba
860 924 975 952 iratum
1002 932 1021 952 a
1047 922 1168 952 camelo
1193 921 1415 961 descendisse,
1441 924 1472 949 et
1499 924 1598 949 metro
1625 918 1748 958 Redjes
1776 923 1915 948 utentem
1944 926 2002 946 so-

211 992 313 1012 rorem
340 982 496 1022 Sijadahi,
525 992 606 1021 quae
633 983 662 1012 in
691 990 789 1024 gente
818 984 972 1025 degeret,
1001 986 1153 1014 versibus
1181 984 1371 1023 respexisse
1398 982 1574 1014 dicentem:
1617 982 1738 1011 »Soror
1765 991 1834 1011 mea
1860 980 1946 1011 audit
1971 985 2004 1009 et

209 1053 302 1074 soror
328 1045 396 1074 eius
423 1045 541 1074 absens
577 1050 630 1074 est
666 1046 827 1085 (Sijadahi
862 1056 955 1076 soror
992 1053 1099 1077 autem
1129 1046 1393 1076 Omm-Chasim
1431 1045 1686 1084 appellabaturJ:
1725 1044 1834 1083 (metr.
1862 1042 2003 1082 Redjes)

208 1107 291 1137 lam
317 1107 442 1137 video
468 1116 526 1136 me
553 1106 963 1148 adolescentemque
990 1108 1205 1148 providum
1233 1107 1531 1147 propellentes
1568 1107 1753 1136 iumenta
1786 1107 2002 1135 emaciata

209 1176 249 1200 et
275 1170 434 1201 i‘tinere
460 1170 640 1200 adfecta.
695 1170 866 1208 Quando
894 1171 1015 1201 ducit
1041 1171 1272 1201 emaciatos
1309 1170 1520 1206 camelos,
1560 1170 1736 1199 incessu
1764 1168 1907 1199 Rasim
1935 1178 2003 1207 ap-
2031 1185 2034 1186 ν

209 1233 366 1272 pellato
393 1232 641 1262 incedentes
669 1236 711 1261 et
737 1241 920 1263 annosos
947 1230 1160 1276 (magnos)
1187 1237 1495 1272 properantes,
1525 1231 1738 1270 audaces,
1765 1239 1882 1270 quum
1910 1240 2001 1270 per-

210 1296 384 1326 veniunt
411 1295 458 1325 ad
486 1293 882 1326 viros-molestiam
912 1296 1191 1335 perferentes
1219 1295 1414 1325 familiae
1441 1294 1623 1324 alendae
1652 1302 1801 1332 causa,
1830 1299 1909 1324 tum
1936 1293 2003 1323 de-

208 1359 417 1390 scendunt
444 1359 490 1389 ad
518 1359 622 1389 viam
651 1367 722 1397 per
750 1358 970 1388 desertum
995 1357 1286 1398 ducentem³)‚
1321 1357 1667 1396 pulverulentum
1703 1361 1745 1386 et
1780 1364 1910 1395 agaso
1938 1355 2000 1384 eis

209 1426 365 1451 cantus
400 1429 529 1451 voces
565 1421 791 1461 repetit⁴];
826 1422 956 1452 collis
991 1420 1282 1451 anterioribus
1315 1419 1461 1449 crania
1490 1423 1679 1451 movent,
1718 1417 1805 1447 dum
1835 1416 1999 1455 lapillis

207 1483 263 1513 ibi
292 1484 421 1513 motis
449 1492 664 1514 urceorum
694 1494 825 1514 sonos
853 1482 1033 1523 au‹lis⁵);
1065 1480 1406 1523 quemadmodum
1436 1480 1733 1510 nummularius
1761 1479 2001 1519 proiiciens

207 1546 373 1587 efficit,
411 1552 453 1577 ut
480 1547 705 1577 drachmae
733 1548 925 1578 tinniant.
986 1547 1247 1576 l'erveniun't
1275 1544 1321 1573 ad
1349 1543 1560 1573 mulierem
1587 1542 1898 1572 Omm-Chasim
1932 1550 2000 1579 ap-

207 1609 404 1649 pellatam
433 1614 472 1639 et
500 1609 749 1640 Chasimum.
802 1610 945 1639 Nonne
973 1608 1097 1638 vides
1125 1606 1158 1649 (o
1186 1603 1350 1649 mulier)
1379 1607 1588 1646 lacrymas
1616 1614 1726 1634 meas
1754 1603 1998 1634 defluentes

207 1676 333 1709 metu,
361 1681 408 1701 ne
435 1672 580 1701 domus
608 1658 807 1711 {quaedam
835 1677 905 1702 tua
933 1672 1036 1701 vilis
1062 1672 1131 1700 sit.
1184 1672 1263 1701 lam
1302 1669 1500 1699 terruisti
1533 1667 1826 1707 separatione
1854 1665 1998 1695 durum

206 1732 451 1775 prudentem
479 1745 610 1775 super
639 1736 792 1765 veloce
820 1735 1002 1774 camela,
1045 1735 1114 1764 cui
1141 1734 1326 1774 ungulae
1354 1731 1497 1762 dolent
1533 1736 1574 1760 et
1611 1730 1733 1760 cuius
1771 1727 1903 1757 velox
1937 1728 1999 1756 in-

206 1807 359 1830 cessus
387 1798 538 1828 faciem
565 1796 855 1837 emaciavitss).
909 1796 1102 1838 [Tngulas
1130 1797 1344 1836 pedesque
1371 1796 1409 1824 in
1435 1803 1558 1824 cursu
1584 1792 1703 1823 simul
1738 1791 1869 1823 tollit,
1922 1789 1999 1819 Per

208 1856 343 1891 Deum!
371 1869 442 1889 cor
470 1869 607 1890 amore
628 1857 800 1900 ¹captum
827 1870 906 1890 non
934 1865 1056 1890 sanat
1083 1860 1186 1899 quod
1213 1869 1331 1889 manu
1369 1858 1518 1898 tangis
1554 1860 1738 1896 pectora
1773 1859 1814 1885 et
1848 1853 1999 1884 clunes

227 1943 256 1974 1)
278 1944 371 1967 Dicere
392 1944 450 1966 vult
469 1944 591 1972 remedia,
612 1946 680 1974 quod
701 1944 793 1968 medici
814 1945 931 1968 Arabum
952 1949 1092 1976 aegrotum
1112 1951 1192 1974 saepe
1212 1946 1319 1967 urerent
1340 1946 1365 1966 et
1384 1943 1501 1966 amuleta
1520 1942 1684 1966 adhiberent.

223 1999 254 2026 2)
274 1999 357 2021 l‘oetn
375 1997 464 2021 verbis
484 1990 583 2037 halja
611 1990 714 2022 Hal&
735 1998 855 2023 voluisse
875 2000 993 2031 videtur,
1018 2006 1063 2023 cas
1083 2004 1224 2022 arenarum
1245 2001 1347 2021 tractus
1372 1997 1465 2026 partim
1493 2003 1552 2020 cum
1572 1995 1631 2019 aliis
1650 1996 1807 2023 cohaerere,
1834 1991 1930 2022 partim
1953 1996 1998 2013 se-

278 2053 390 2079 paratos
409 2056 476 2073 esse.

223 2103 256 2134 3)
276 2104 315 2127 De
333 2105 440 2132 »Sacyus
460 2102 520 2126 voci
530 2103 677 2142 κήξ-ΞΜ
695 2104 919 2134 significationem
939 2105 993 2129 loci
1011 2102 1083 2134 aquai,
1101 2103 1201 2133 impleti
1221 2102 1346 2126 tribuisse
1371 2102 1493 2131 videtur;
1519 2102 1566 2124 sed
1591 2100 1651 2124 huic
1674 2098 1863 2130 significationi
1886 2103 1998 2127 sequens

275 2163 327 2180 vox
347 2150 402 2191 τόδ
421 2152 693 2182 pulverulentus
713 2154 817 2177 minime
836 2155 974 2178 convenit.

227 2210 259 2242 4)
279 2212 372 2240 agaso
392 2209 553 2239 praecedens
572 2213 652 2232 cantu
671 2210 789 2233 camelos
808 2210 960 2233 exhilarare
979 2214 1004 2233 et
1022 2211 1055 2233 ad
1074 2209 1189 2234 celerem
1209 2215 1331 2239 gressum
1350 2208 1463 2231 incitare
1481 2207 1560 2230 solet.

225 2264 257 2294 5)
278 2264 316 2287 De
333 2264 442 2295 'Sacyus
461 2263 494 2285 ad
513 2263 581 2286 hunc
600 2263 687 2287 locum
706 2263 865 2293 adscripsit:
884 2263 929 2287 »si
944 2264 1062 2286 Kamnso
1074 2264 1137 2286 fides
1157 2263 1276 2292 debetur,
1296 2259 1366 2301 pff
1384 2262 1520 2292 significat
1538 2261 1617 2284 etiam
1636 2252 1762 2296 fijfibt
1791 2259 1858 2281 unde
1877 2255 1936 2279 mihi
1957 2255 1997 2277 vi—

276 2315 354 2337 detur
372 2320 468 2337 sensus
487 2320 561 2342 csse,
581 2315 648 2338 hanc
666 2320 759 2344 aquam
779 2315 812 2337 ob
832 2314 931 2342 silices,
951 2314 993 2344 qui
1013 2313 1051 2336 illi
1070 2312 1204 2337 commixti
1225 2314 1304 2341 sunt,
1332 2311 1357 2335 in
1378 2312 1469 2335 fauces
1489 2311 1651 2334 camelorum
1672 2310 1819 2339 ingressam
1838 2312 1930 2329 sonum
1950 2311 1996 2327 ex-

276 2360 374 2388 citare,
390 2361 435 2382 sed
456 2360 492 2382 nil
513 2363 583 2382 vetat
603 2359 652 2383 hoc
671 2361 702 2382 de
721 2360 809 2383 urceis
826 2359 969 2389 intelligi«.
1005 2360 1064 2389 Ego
1084 2366 1149 2382 vcro
1168 2360 1198 2382 de
1216 2364 1286 2388 aqua
1303 2359 1353 2382 hoc
1372 2358 1397 2381 in
1416 2358 1477 2381 loco
1498 2358 1542 2380 xix
1562 2355 1675 2386 cogitari
1695 2361 1774 2384 posse
1792 2357 1865 2382 puto.
1894 2350 1995 2376 Corneli

274 2405 299 2428 in
318 2405 413 2436 glarea
431 2405 583 2428 incedentes
602 2411 696 2428 sonum
715 2406 833 2429 excitant
851 2406 962 2429 similem
983 2406 1134 2436 glarearum
1154 2405 1177 2428 iu
1199 2405 1286 2428 urceis
1305 2409 1350 2428 aut
1369 2405 1553 2428 drachmarum
1573 2409 1589 2426 a
1607 2400 1791 2425 nummulariis
1810 2403 1949 2422 moturum.

228 2452 258 2479 6)
278 2451 364 2475 Faciei
383 2451 541 2474 mentionem
563 2451 658 2473 secisse
679 2451 798 2481 xidctur,
825 2453 893 2482 quod
914 2452 938 2475 in
959 2451 1053 2476 cameli
1073 2451 1159 2474 oculis
1179 2451 1275 2474 iudicia
1294 2455 1372 2479 sunt,
1399 2457 1460 2473 num
1481 2449 1597 2473 camelus
1616 2446 1722 2477 pinguis
1741 2445 1775 2468 sit
1795 2450 1885 2467 necne.
1923 2443 1993 2465 llaec

275 2507 361 2529 autem
379 2512 411 2530 ex
431 2506 512 2529 oculo
533 2505 631 2529 iudicia
651 2510 812 2534 postremum
831 2511 997 2531 evanescunt
1015 2507 1118 2531 camelo
1138 2505 1268 2530 emaciato
1288 2506 1391 2535 (conf.
1410 2505 1516 2528 Hamas.
1545 2510 1570 2532 p.
1589 2501 1638 2528 οἹΛ
1657 2508 1682 2523 v.
1706 2500 1743 2532 l).
1779 2499 1891 2524 omuino
1919 2505 1992 2522 eina-

276 2556 361 2580 ciatus
379 2557 462 2588 igitur
479 2557 595 2582 camelus
614 2557 753 2581 iudicatur.
