2247 2865
1123 108 1157 130 X!

241 200 327 228 sinit.
349 203 442 235 quae,
467 203 538 224 num
551 196 667 223 tantam
681 190 910 230 antiquitatem,
936 196 1081 231 quautam
1099 191 1135 220 iis
1151 191 1291 221 tribuerit
1308 190 1354 220 vir
1369 190 1580 230 doctissimus,
1593 192 1764 233 adtingunt,
1788 194 1928 225 dubitare
1941 196 2023 225 licet.

241 247 341 277 Multa
364 246 515 285 carmina,
539 254 618 284 quae
642 244 735 273 altius
758 244 786 272 iu
811 248 934 283 tempus
963 253 1073 283 regum
1104 244 1283 275 Hirensium
1309 250 1339 274 et
1361 255 1454 285 supra
1484 248 1569 285 regis
1597 247 1823 278 Amru-l'Kaisi
1853 249 1880 279 b.
1903 249 2023 280 Ahmru

242 301 271 331 b.
296 301 416 331 Alimru
442 300 469 329 b.
493 298 575 328 Ahdi
599 299 696 336 (cons.
719 299 938 328 Ebu—Kotaib.
963 309 990 338 p.
1018 298 1101 329 187.)
1124 298 1333 338 adscendunt,
1363 300 1493 330 inveniri
1518 311 1576 331 uon
1601 303 1786 342 putaverim,
1817 304 1928 343 quippe
1949 313 2025 334 car-

243 355 356 385 minum
380 355 496 384 illorum
519 353 596 381 ratio
618 351 795 391 modusque
815 352 978 381 similiores
1001 353 1074 385 sint,
1099 362 1190 392 quum
1205 358 1237 382 ut
1259 354 1392 391 singulis
1415 354 1542 391 longum
1568 356 1717 395 temporis
1740 357 1872 396 spatium
1896 359 2026 389 interia-

243 417 316 438 cere
338 409 447 448 possit.
491 407 524 436 ln
548 411 673 446 tempus
695 410 768 434 ante
794 405 940 434 islamum
966 415 1025 435 nou
1050 416 1152 446 paui-a
1176 408 1388 437 carminatam
1403 418 1524 447 eorum,
1547 419 1675 449 quorum
1697 416 1844 441 auctores
1867 413 2023 451 notisuut,

243 472 334 503 quam
357 471 476 500 eorum,
499 469 628 500 quorum
659 469 762 498 neque
791 459 930 489 auctoris
960 469 1061 499 neque
1086 469 1205 491 causae
1233 462 1371 491 notitiam
1396 462 1558 500 habemus,
1590 463 1713 494 cadunt.
1758 466 1893 496 Primum
1922 468 2026 498 Islnmi

243 523 376 557 tempus,
401 522 464 546 tum
488 516 570 556 quod
594 514 825 545 Molmuuuedis
848 514 989 543 doctriua
1013 519 1043 543 et
1063 514 1257 553 singulorum
1283 523 1504 545 successorum
1528 516 1650 545 animus
1665 527 1798 547 severus
1822 519 1861 548 illi
1885 528 2027 559 occupa-

244 574 317 604 tioni
341 572 486 603 contrarii
509 575 610 604 erant,
634 575 696 599 tum
720 568 801 608 quod
825 568 904 597 bella
927 572 1022 606 gesta
1048 568 1185 597 Arabum
1210 569 1330 598 aiiimos
1359 570 1481 599 omniuo
1504 572 1711 611 occupabant,
1736 573 1823 612 poesi
1855 574 1954 603 minus
1977 574 2028 604 fa-

243 627 349 657 vebat.
395 625 466 664 Qua
489 625 517 654 iu
541 634 574 654 re
598 624 791 663 potissimum
817 631 945 651 causam
971 622 1078 660 video,
1101 631 1156 651 cur
1180 632 1280 662 pauca
1310 629 1429 653 tantum
1455 625 1535 654 illius
1565 626 1713 664 temporis
1747 628 1883 657 carmina
1906 628 1934 657 iu
1958 628 2029 658 Ha-

244 681 333 710 minsa
356 680 562 710 inveniuntur.
608 677 844 716 Omajjadarum
869 682 1005 717 tempus.
1029 686 1089 716 quo
1111 676 1199 705 bellis
1222 678 1343 716 paulum
1368 679 1600 718 quiescentibus
1624 680 1740 709 divitiis
1751 682 1875 720 otioque
1888 682 2029 713 fruentes

245 736 366 765 Arabes
389 734 429 764 ad
455 733 521 763 illas
546 733 602 762 sibi
623 741 714 762 caras
731 732 838 772 poesis
860 732 1082 770 occupationes
1106 735 1353 771 reverterentur,
1378 735 1528 763 maiorem
1557 735 1726 765 carminum
1751 741 1869 775 partem
1894 737 2029 775 protulit.

244 791 319 820 Huc
340 789 476 821 acm-dit.
500 788 581 827 quod
606 788 709 827 plures
733 797 751 816 e
773 791 870 826 geute
888 785 1126 824 Omajjadarum
1143 784 1261 813 oriundi
1276 786 1431 825 principes
1446 788 1554 825 prioris
1571 789 1718 828 temporis·
1740 799 1843 819 mores
1862 790 2031 831 imitantes,

242 852 303 882 quo
330 842 518 873 carminibus
543 840 657 870 laudati
681 841 838 880 principes
862 841 950 870 donis
971 841 1067 880 lai-gis
1088 844 1199 879 poetas
1218 840 1469 879 cumulaverant,
1493 843 1636 880 praemiis
1651 842 1938 874 munificentissime
1951 844 2031 875 datis

246 899 356 936 poesis
378 896 483 926 studia
507 895 696 925 excitabant.
721 895 972 925 Alibbasidarum
997 894 1147 933 temporis
1170 894 1307 923 carmina
1329 896 1358 923 in
1377 895 1537 925 Hamasao
1553 896 1629 926 libro
1653 898 1769 927 rariora
1783 902 1854 927 suut
1871 908 1930 927 nou
1953 902 2030 938 tam,

245 950 328 991 quod
352 953 413 980 isto
438 955 579 988 tempore
599 950 736 978 carmina
755 958 856 988 pauca
870 949 1045 988 composita
1063 952 1165 987 erant,
1189 957 1281 987 quam
1299 948 1382 987 quod
1407 950 1577 980 carminum
1593 951 1670 979 ratio
1684 952 1753 980 talis
1771 961 1831 980 non
1854 956 1933 991 erat,
1952 961 2032 991 quae

246 1005 527 1034 Abu-Tammamo
549 1003 697 1042 placeret.
744 1003 839 1032 Istius
864 1004 943 1033 euim
961 1003 1110 1042 temporis
1134 1008 1250 1042 poetae
1272 1014 1363 1044 quum
1386 1009 1529 1034 veterum
1543 1006 1711 1035 carminum
1738 1006 1860 1036 modum
1882 1006 2032 1045 paulatim

245 1059 453 1098 relinquerent
477 1062 507 1087 et
529 1067 547 1087 a
571 1058 689 1086 veteris
713 1058 820 1096 poesis
847 1063 957 1087 natura
981 1059 1084 1097 magis
1108 1059 1272 1099 magisque
1294 1057 1492 1095 recederent,
1521 1068 1580 1088 nou
1606 1064 1726 1098 poterat
1749 1070 1809 1090 uou
1838 1060 2033 1090 Abu-Tam-

244 1122 378 1151 mamuS,
403 1112 454 1152 qui
477 1117 620 1141 veterum
646 1114 817 1141 carminum
843 1111 967 1140 modum
992 1112 1018 1140 iu
1042 1113 1223 1149 colligendo
1241 1118 1314 1142 ante
1330 1113 1437 1141 oculos
1451 1122 1576 1152 semper
1592 1113 1732 1153 baberet,
1757 1115 1851 1144 multa
1867 1115 1926 1144 sibi
1940 1114 2033 1144 obvia

245 1167 386 1196 carmina
409 1166 548 1195 reiicere.
593 1166 666 1195 Non
691 1167 782 1204 igitur
806 1166 904 1205 plura,
931 1176 1012 1206 quae
1033 1170 1112 1206 seio,
1136 1178 1228 1207 quam
1252 1167 1415 1196 sexdecim
1441 1168 1577 1196 carmina
1601 1167 1629 1196 iu
1654 1168 1728 1197 illud
1751 1173 1874 1207 tempus
1905 1168 2033 1208 eadunt,

243 1229 374 1260 quorum
398 1220 571 1249 novissima
594 1224 735 1259 tempore
761 1220 1031 1249 Abu-'l‘ammami
1055 1224 1098 1259 (p.
1121 1220 1191 1250 391.
1214 1220 1380 1262 5403565.
1402 1220 1491 1254 660.)
1515 1221 1688 1259 composita
1713 1230 1789 1250 esse
1812 1229 1940 1250 censeo.

325 1288 361 1317 1n
385 1287 516 1326 plurium
541 1291 712 1318 carminum
743 1288 838 1318 titulis
871 1287 1018 1316 familiam
1049 1291 1102 1316 aut
1125 1291 1265 1326 gentem.
1297 1297 1314 1316 e
1338 1296 1399 1326 qua
1431 1291 1524 1325 poeta
1555 1286 1704 1316 oriundus
1735 1291 1834 1326 esset,
1863 1286 2033 1317 indicatam

246 1349 319 1370 esse
341 1340 495 1370 videmus.
539 1341 606 1371 Res
630 1341 710 1371 haud
737 1342 825 1380 parvi
849 1341 996 1370 momenti
1019 1346 1078 1370 est.
1123 1340 1247 1371 Gentes
1263 1351 1356 1380 quum
1373 1340 1518 1369 diversas
1542 1344 1573 1369 et
1596 1349 1693 1378 saepe
1716 1340 1901 1379 longinquas
1922 1342 2034 1379 regio-

246 1404 303 1423 nes
327 1395 498 1424 incolentes
529 1395 688 1425 diversam
719 1396 845 1424 vivendi
874 1396 1023 1424 rationem
1054 1400 1272 1434 sequerentur,
1301 1395 1379 1423 alius
1408 1394 1565 1432 religionis
1595 1394 1691 1422 cultui
1721 1393 1844 1422 deditae
1874 1398 1982 1422 essent
2004 1398 2034 1423 et

245 1447 380 1478 dialecto
404 1449 530 1488 linguae
553 1450 611 1478 alia
637 1454 807 1487 uterentur,
832 1450 861 1478 in
885 1449 1020 1478 diversis
1043 1449 1191 1488 gentibus
1214 1449 1305 1477 simili
1330 1447 1465 1486 quidem,
1492 1447 1605 1486 quippe
1627 1447 1768 1476 eiusdem
1781 1448 1886 1486 stirpis
1909 1453 2034 1485 esseut3

246 1501 302 1532 sed
327 1503 452 1532 diverso
477 1503 568 1532 modo
591 1503 698 1542 poesin
722 1503 824 1532 excoli
847 1504 992 1541 oportuit.
1036 1503 1160 1532 illarum
1185 1502 1381 1531 diversarum
1405 1504 1544 1539 gentium
1569 1501 1693 1531 diversa
1707 1501 1860 1542 quaedam
1874 1501 2036 1543 cogitandi

247 1557 335 1597 ratio,
356 1556 502 1586 diversus
523 1556 722 1596 comparandi
746 1562 775 1585 et
799 1557 947 1595 loquendi
971 1556 1080 1585 modus
1104 1557 1132 1585 in
1150 1557 1237 1594 poesi
1261 1555 1406 1594 exsistat,
1425 1565 1560 1585 necesse
1585 1561 1643 1585 est.
1668 1557 1881 1586 Dialectorum
1904 1557 2035 1596 plurium

247 1600 400 1649 quaeda'r‘n
411 1610 588 1640 diversitas.
600 1620 694 1651 quum
705 1610 973 1640 Koraiseliitarum
986 1610 1140 1640 dialectus
1151 1610 1336 1640 iuAleoraui
1347 1610 1436 1645 libro,
1448 1619 1538 1648 quam
1556 1610 1748 1639 inhominum
1763 1610 1882 1640 animos
1896 1610 2034 1650 haberet,

247 1665 279 1693 vi
304 1670 449 1694 caeteras
474 1675 592 1695 omnes.
619 1667 735 1704 quippe
760 1675 842 1705 quae
865 1667 893 1694 in
916 1666 998 1695 illam
1024 1671 1171 1705 tanquam
1196 1664 1311 1693 surculi
1336 1665 1364 1692 in
1390 1663 1532 1692 arborem
1556 1664 1666 1692 insitae
1691 1669 1812 1702 esseut,
1837 1665 1864 1692 in
1885 1673 1920 1693 se
1943 1673 2037 1693 rece-

247 1717 358 1756 pisset,
383 1728 569 1758 quamquam
594 1724 646 1747 aut
671 1721 794 1748 omuino
819 1719 922 1749 deleta
946 1724 997 1749 aut
1027 1719 1221 1759 antiquitatis
1246 1718 1317 1746 velo
1342 1717 1383 1746 ita
1407 1722 1491 1746 tecta
1512 1721 1571 1754 est,
1605 1722 1637 1745 ut
1659 1718 1712 1746 vix
1738 1718 1890 1756 cognosci
1919 1718 2036 1756 possit3

247 1776 351 1800 tamen
375 1771 402 1800 in
427 1772 593 1810 nonnullis,
619 1778 653 1802 ut
676 1773 704 1801 in
727 1778 824 1812 geute
848 1773 940 1812 Thai,
964 1775 1089 1813 propria
1111 1772 1279 1812 quaedam,
1304 1781 1383 1810 quae
1413 1772 1575 1800 mutationi
1599 1776 1820 1810 repugnarent,
1847 1780 2036 1800 remansere·

251 1824 420 1865 Cogitaudi
446 1831 548 1856 autem
573 1827 650 1856 ratio
671 1826 938 1866 comparandique
960 1827 1103 1866 proprius
1127 1826 1237 1855 modus
1258 1826 1372 1854 nullam
1397 1834 1527 1864 prorsus
1555 1825 1756 1853 mutationem
1780 1824 1885 1853 subire
1904 1829 2035 1863 poterat.

253 1877 392 1915 Quarum
417 1888 518 1909 rerum
541 1884 688 1909 accurata
713 1881 852 1919 cognitio
875 1890 965 1919 quum
991 1880 1029 1909 ad
1054 1885 1173 1909 rectum
1197 1880 1236 1909 de
1258 1879 1346 1918 poesi
1376 1879 1513 1908 Arabica
1544 1878 1687 1907 iudicium
1718 1877 1879 1908 ferendum
1908 1879 2036 1909 multum

251 1931 358 1968 faciat,
383 1932 578 1962 diversarum
602 1935 742 1973 gentium
767 1934 906 1963 carmina
929 1934 1009 1963 iuter
1031 1943 1067 1963 se
1091 1934 1234 1964 conferre
1258 1942 1374 1972 operae
1396 1933 1527 1971 pretium
1550 1936 1607 1960 est.
1652 1932 1693 1962 Ut
1717 1932 1773 1960 viri
1798 1931 1880 1960 docti
1903 1931 1985 1962 hanc
2008 1933 2037 1961 in

250 1993 315 2012 rem
338 1985 472 2015 animum
498 1986 681 2016 adtendant.
706 1987 797 2015 enixe
821 1996 984 2025 rogamus.
1008 1996 1173 2026 speramus
1189 1988 1269 2016 enim
1291 1987 1371 2023 fore,
1396 1991 1427 2015 ut
1453 1986 1478 2015 si
1500 1985 1696 2015 diversarum
1720 1987 1858 2026 gentium
1881 1988 2036 2025 carmiua3

251 2047 381 2076 quorum
404 2038 480 2077 libri,
504 2045 538 2069 ut
562 2040 817 2079 Hodsaiiiiaru111‚
835 2041 1002 2079 exsistunt,
1028 2041 1112 2070 edita
1135 2041 1257 2074 fuerint,
1291 2040 1452 2069 doctorum
1486 2040 1591 2069 studio
1618 2042 1707 2079 poesi
1731 2049 1813 2069 nova
1838 2040 1890 2069 lux
1921 2041 2038 2070 oriatur

251 2091 285 2120 lu
308 2091 469 2121 Hamasae
494 2102 586 2131 opere
609 2093 802 2133 singularum
827 2096 979 2135 gentium,
1004 2101 1036 2125 ut
1060 2095 1199 2134 gentium
1217 2094 1321 2131 AhbS‚
1346 2093 1444 2133 Asad,
1469 2093 1568 2128 Cilab,
1594 2093 1758 2132 Dhabbah,
1782 2094 1930 2133 llanifah,
1946 2094 2037 2124 Mor-

252 2145 319 2184 rah,
343 2145 420 2175 Thai
445 2147 541 2177 multa
562 2149 699 2178 carmina
723 2150 931 2179 inveniuntur.

334 2198 407 2227 Nou
419 2202 468 2227 est
485 2199 626 2229 inanimo
641 2200 679 2230 de
691 2202 797 2240 poesis
812 2202 965 2232 Arabicae
982 2207 1093 2231 natura
1113 2210 1150 2231 ac
1164 2200 1266 2231 indole
1283 2201 1384 2230 multis
1402 2201 1571 2238 disserere,
1592 2202 1636 2229 ita
1649 2204 1681 2229 ut
1694 2200 1762 2228 eius
1778 2198 2038 2238 pulchritudinem

251 2252 426 2282 describam
448 2258 501 2282 aut
525 2254 592 2283 eius
615 2256 691 2285 vitia
713 2255 858 2295 detegam
882 2262 934 2286 aut
952 2266 1033 2296 quae
1055 2257 1083 2286 ei
1106 2257 1229 2296 propria
1241 2256 1312 2294 siut,
1337 2255 1501 2294 explicem.
1545 2254 1685 2292 Quarum
1710 2253 1790 2283 euim
1814 2262 1914 2282 rerum
1937 2262 2032 2292 quum

251 2305 321 2334 talis
342 2306 383 2335 sit
405 2306 496 2343 ratio,
521 2312 552 2335 ut
574 2308 675 2347 magis
704 2310 823 2347 sentiri,
850 2319 942 2349 quam
974 2311 1081 2340 verbis
1103 2310 1238 2339 describi
1269 2311 1404 2349 possint,
1433 2310 1503 2349 quis
1527 2317 1646 2348 quaeso
1678 2312 1856 2337 tentaturus
1885 2306 2036 2345 impedire

253 2364 369 2399 potest,
393 2362 561 2399 quominus
584 2370 602 2389 a
625 2363 781 2392 nonnullis
803 2363 883 2392 haud
907 2369 993 2393 recte
1017 2364 1221 2402 intelligatur;
1245 2348 1366 2392 facturo
1390 2367 1493 2392 autem
1519 2361 1590 2390 mibi
1611 2370 1671 2390 nou
1695 2364 1758 2388 tam
1780 2359 1956 2398 argumenti
1977 2367 2036 2389 co-

253 2413 303 2452 pia
327 2413 465 2450 deesset,
495 2423 585 2453 quam
615 2417 790 2454 argumenti
821 2417 931 2456 copiae
961 2418 1060 2448 breve
1088 2417 1290 2456 praefationis
1318 2418 1452 2454 spatium
1483 2424 1542 2444 nou
1566 2413 1736 2443 sufficeret.
1781 2411 1843 2449 Qui
1872 2416 1975 2442 autern
1997 2412 2037 2442 de

254 2470 343 2506 poesi
367 2468 506 2498 Arabum
531 2473 615 2498 reete
638 2468 775 2498 iudicare
797 2471 873 2505 vult,
900 2473 927 2502 ei
951 2482 990 2502 ne
1007 2470 1202 2502 Graecorum
1226 2471 1348 2510 poesin,
1363 2479 1424 2510 qua
1448 2475 1595 2508 tanquam
1617 2466 1757 2506 perfecto
1779 2465 1924 2505 exemplo
1935 2466 2037 2496 omnia

255 2521 355 2550 metiri
377 2522 520 2562 solimus,
549 2523 577 2552 in
601 2522 798 2552 diiudicando
822 2529 895 2554 ante
925 2526 1037 2555 oculos
1061 2525 1186 2559 habeat,
1216 2524 1393 2555 cavendum
1416 2529 1482 2561 est3
1515 2521 1572 2551 sed
1604 2520 1765 2558 temporis,
1800 2527 1862 2558 quo
1890 2520 2035 2557 vixerint,

256 2578 370 2613 terrae,
394 2583 488 2614 quam
513 2575 712 2612 incoluerint,
737 2575 938 2616 conditioniS,
961 2586 1023 2617 qua
1046 2578 1095 2608 usi
1113 2578 1190 2616 sint,
1214 2585 1350 2615 morum,
1375 2585 1455 2616 quos
1479 2574 1655 2612 sumserint,
1681 2571 1836 2611 cogitandi
1859 2571 2035 2602 sentiendi-
