2247 2865
989 109 1253 140 -572—

225 213 432 245 describendo
460 212 616 242 inservire
644 211 801 251 praefero.
856 210 1098 239 Nominativum
1125 218 1250 249 quoque
1277 208 1348 238 voci
1375 208 1469 239 tribui
1496 217 1594 248 posse
1621 208 1706 249 dicit,
1734 212 1769 238 ut
1795 207 2010 247 praedicatum

225 276 423 316 subiecti—,9
450 275 503 305 sit.
554 275 722 315 Particula,
750 283 829 312 quae
856 272 885 301 in
912 281 946 301 re
974 272 1068 302 dubia
1095 271 1262 301 adhibetur
1291 268 1442 311 (ew),
1470 271 1531 301 hoc
1557 273 1588 301 in
1614 280 1714 301 versu
1741 270 1925 311 significare
1952 279 2012 309 po-

226 342 301 379 test,
329 342 392 368 tam
420 348 515 367 unum
549 347 641 376 qnam
677 336 809 365 alterum
843 333 948 363 locum
987 333 1104 363 habere
1139 342 1251 374 posse,
1290 333 1320 363 id
1353 333 1434 372 quod
1461 333 1659 374 grammatici
1686 328 1786 369 bisti
1814 333 2014 372 appellarunt

227 399 357 439 (Grani.
385 401 441 429 Ar.
471 401 508 429 T.
537 400 561 431 Ι.
589 409 617 437 p.
648 398 717 428 574
732 398 760 435 ).
812 396 884 425 Duo
911 395 1034 434 priores
1061 405 1178 425 versus
1206 395 1236 425 in
1263 395 1477 425 Rasmusseni
1504 396 1651 425 Additam
1685 406 1714 435 p.
1742 397 1782 424 ol*
1808 395 1896 425 citati
1928 397 2013 424 sunt.

225 509 258 537 2.
279 508 330 538 Ne
351 510 447 545 iyitm·
468 508 503 536 ob
525 510 633 536 mortis
655 509 770 535 melum
791 507 939 534 iniuriam
961 503 1127 541 accipias!
1153 505 1199 533 Et
1226 513 1346 533 morere
1373 507 1523 542 tanquam
1552 506 1727 541 inyenuus,
1761 504 1835 533 dum
1857 505 1938 532 culis
1961 505 2015 530 tna

1017 558 1130 595 glabra
1151 558 1218 587 est!

325 630 480 658 Hortatur
506 629 614 669 igitur,
640 638 678 657 ne
706 627 776 667 quis
808 629 917 657 mortis
944 632 1030 657 metu
1055 629 1182 659 territus
1215 628 1358 659 iniuriam
1395 628 1487 658 ferat.
1540 627 1739 657 Servitutem
1767 623 2014 665 propulsandam

227 701 302 721 esse
329 697 362 721 et
389 691 524 731 ingenuo
551 691 708 720 dedecore
737 690 863 719 immuni
891 690 1007 719 homini
1034 691 1227 721 moriendum
1259 700 1344 721 esse.
1396 691 1472 720 Vox
1498 693 1569 726 lix-42³
1601 688 1727 718 modum
1758 687 1908 717 moriendi
1936 695 2016 725 spe-

226 754 337 784 eialem
366 758 398 783 et
425 763 486 783 non
513 754 656 794 generali
683 752 918 793 significatione
946 758 1078 782 mortem
1106 752 1263 793 designat.
1317 751 1478 782 Suffixum
1506 752 1536 780 in
1563 759 1644 780 voce
1672 746 1715 789 kg.»
1742 749 1780 779 ad
1801 758 1913 778 vocem
1933 746 2017 776 {iil-3

226 815 428 846 referendum
455 820 518 848 est.
570 817 647 846 Vox
675 814 732 860 55>
760 820 862 845 autem
891 815 988 845 statui
1015 815 1224 845 describendo
1245 814 1379 844 inservit
1399 819 1432 843 et
1448 814 1495 844 sic
1511 822 1635 852 quoque
1652 813 1751 842 verba
1770 808 2015 852 winleSQl?,.

226 878 319 908 Haeo
345 878 445 908 verba
471 879 511 909 ad
536 883 653 908 statum
680 878 785 918 servi,
822 879 910 908 cuius
945 878 1023 908 eutis
1057 877 1180 919 flagelli
1204 878 1319 908 ictibus
1347 877 1505 918 laeditur,
1541 877 1706 915 respicere
1739 875 1898 905 videntur.
1951 874 2018 904 Sed

228 953 299 983 loco
326 954 419 983 vocis
448 950 503 997 55>
532 953 649 992 duplex
675 953 803 994 legendi
836 952 946 983 modus
984 957 1035 983 est
1068 957 1124 982 aut
1150 937 1258 998 gg>i9
1286 956 1326 983 et
1353 952 1451 982 vive
1478 956 1533 982 aut
1560 936 1667 1001 {5:959
1695 945 1800 990 peril
1853 950 1888 979 In
1915 949 2019 988 priore

226 1027 329 1058 littera
355 1048 402 1072 ω,
430 1032 465 1058 ut
491 1027 543 1057 vis
571 1027 747 1067 imperativi
776 1032 960 1068 augeretur,
993 1027 1099 1058 addita
1122 1033 1184 1058 est.

227 1136 260 1166 3.
285 1136 441 1167 Ultt'onem
462 1140 498 1166 ut
516 1140 643 1174 peteret,
668 1136 810 1165 Kazirus
834 1146 947 1165 nasum
969 1146 1062 1165 suum
1085 1138 1258 1173 αηιριιΙαι-ἰί
1280 1140 1311 1165 et
1330 1136 1494 1166 Bailzasus
1514 1136 1620 1172 ylmlio
1643 1135 1676 1163 in
1699 1137 1827 1163 mortem
1849 1134 1952 1163 irruit.

325 1205 369 1235 Ut.
395 1205 435 1235 ad
462 1206 611 1236 ultionem
639 1206 770 1246 excitet,
801 1205 932 1235 duorum
960 1206 1101 1236 virorum
1130 1207 1274 1246 exempla
1300 1206 1467 1246 proponit,
1496 1214 1629 1245 quorum
1656 1213 1737 1234 unus
1765 1214 1783 1233 a
1811 1203 1922 1243 regina
1959 1212 2018 1242 po·-

229 1270 317 1296 tente
345 1267 467 1296 astutia
493 1267 634 1297 adhibita
660 1268 812 1297 ultionem
840 1270 1014 1308 exegerat,
1050 1268 1130 1298 alter
1157 1268 1269 1298 debilis
1308 1273 1340 1299 et
1374 1268 1493 1298 stultus
1521 1268 1560 1297 ab
1588 1267 1731 1297 omnibus
1765 1267 1893 1297 habitus
1921 1267 2020 1297 dissi·-

228 1328 401 1358 mulatione
429 1338 466 1358 eo
493 1330 652 1370 pervenit,
680 1334 715 1360 ut
745 1330 877 1360 caedem
904 1340 1036 1360 suorum
1063 1332 1282 1361 ulcisceretur.
1334 1331 1444 1361 Kaziri
1472 1331 1610 1361 vindicta
1638 1330 1665 1359 in
1692 1331 1894 1369 proverbium
1912 1331 2019 1371 venit,

229 1389 342 1420 dicitur
379 1391 481 1420 enim:
523 1391 692 1422 Vindictae
731 1392 874 1431 cupidior
909 1402 1000 1431 quam
1024 1394 1164 1424 Kazirus
1192 1394 1290 1425 Meid.
1319 1395 1352 1435 4,
1382 1394 1439 1424 39.
1500 1393 1638 1423 Kazirus
1667 1393 1695 1422 b.
1723 1393 1812 1423 Sahd
1840 1393 2020 1434 Lachmita,

229 1454 428 1493 Djadsimahi
464 1454 491 1484 b.
530 1455 627 1485 Malic
660 1456 689 1485 b.
718 1457 809 1486 Nazr
845 1456 1025 1486 Alabrasch
1063 1457 1248 1497 (leprosus)
1291 1461 1325 1486 et
1361 1455 1590 1486 Alwadhdhah
1625 1455 1860 1495 cognominati,
1900 1456 1952 1495 qui
1991 1456 2022 1485 in

229 1518 298 1557 ripa
323 1517 496 1557 Euphratis
526 1529 660 1560 regnum
687 1519 887 1560 possidebat,
915 1520 1037 1549 amicus
1062 1525 1140 1550 erat.
1170 1520 1392 1559 Djadsimahus
1420 1528 1438 1549 a
1467 1520 1577 1559 regina
1597 1519 1715 1558 Sabba,
1743 1519 1773 1548 in
1788 1519 2022 1558 Mesopotamia

231 1585 397 1622 regnante,
425 1583 554 1612 occisus
583 1564 662 1612 erat⁸
714 1583 852 1612 Kazirns
881 1582 997 1612 domini
1025 1587 1058 1613 et
1083 1582 1173 1611 amici
1205 1584 1314 1611 mortis
1342 1581 1545 1610 ulciscendae
1573 1580 1721 1621 cupidus,
1757 1589 1851 1619 quum
1880 1590 1931 1610 res
1959 1580 2022 1610 dif-

231 1643 323 1674 ficilis
350 1645 495 1684 perfectu
523 1650 624 1685 esset,
666 1655 778 1674 nasum
807 1645 864 1674 sibi
894 1650 1063 1683 amputans
1090 1644 1199 1685 fugam
1228 1644 1390 1674 simulavit
1416 1643 1536 1684 dicens,
1566 1654 1604 1673 se
1631 1644 1782 1683 Ahmruo,
1810 1644 1897 1684 regis
1924 1644 2023 1674 occisi

232 1705 340 1747 fratri,
376 1716 510 1745 poenam
539 1707 697 1737 crudelem
725 1707 873 1747 dedisse,
909 1707 991 1745 quod
1019 1707 1045 1735 is
1071 1707 1165 1736 occisi
1193 1706 1300 1735 fratris
1329 1706 1452 1744 eulpam
1483 1706 1512 1734 in
1540 1706 1642 1745 ipsum
1670 1706 1900 1735 convertisset.
1952 1705 2022 1735 Res

232 1776 356 1806 quoque
383 1768 412 1797 in
443 1769 646 1807 proverbium
673 1769 771 1808 venit,
802 1768 914 1798 dicitur
943 1769 1041 1798 enim:
1073 1768 1144 1798 »Ob
1172 1777 1236 1797 rem
1259 1768 1413 1807 quandam
1429 1768 1566 1798 Kazirus
1590 1778 1700 1798 nasum
1716 1778 1807 1798 suum
1823 1769 2018 1807 amputavit«

232 1831 315 1861 conf.
344 1832 439 1862 Meid.
463 1831 618 1869 23‚143.
671 1831 803 1861 Astntia
830 1835 934 1860 autem
963 1831 1013 1860 illa
1042 1830 1164 1872 effecit,
1204 1836 1237 1860 ut
1265 1831 1377 1871 regina
1404 1836 1522 1860 tantam
1547 1832 1578 1859 in
1606 1831 1676 1869 ipso
1704 1830 1848 1859 fiduciam
1877 1836 2021 1870 poneret,

233 1898 268 1922 ut
293 1893 363 1932 ipse
390 1893 561 1922 occasione
591 1892 763 1922 ulciscendi
792 1893 958 1931 potiretur.
1016 1892 1083 1922 Res
1113 1893 1196 1932 apud
1226 1893 1416 1922 Meidanium
1446 1893 1482 1923 C.
1514 1893 1547 1932 7,
1576 1893 1607 1922 9.
1634 1893 1778 1932 pluribus
1805 1898 1932 1923 narrata
1959 1899 2021 1923 est.

234 1956 407 1985 Praeterea
433 1956 604 1995 proverbia
631 1956 692 1985 alia
720 1955 759 1985 ad
787 1965 850 1984 rem
881 1959 1025 1994 spectant
1053 1953 1169 1995 (Meid.
1188 1955 1220 1995 ⁴2,
1235 1956 1266 1985 4.
1282 1956 1314 1993 5,
1346 1955 1423 1985 142.
1453 1955 1510 1996 24,
1539 1955 1651 1994 2369.
1704 1956 1795 1985 Alter
1822 1955 1980 1985 Baihasus
2006 1966 2023 1984 e

234 2021 329 2058 gente
355 2017 499 2048 Fesarah
525 2019 556 2049 b.
582 2018 726 2057 Dsobjan
752 2017 781 2046 b.
809 2016 934 2057 Baghid
962 2017 1161 2046 Alnaahmah
1190 2017 1495 2058 (struthiocamelus,
1524 2023 1557 2048 ut
1576 2018 1712 2058 videtur,
1740 2017 1778 2046 ob
1806 2017 2023 2056 stupiditatem

234 2074 338 2109 eous.
366 2079 463 2109 Meid.
494 2080 526 2117 6,
559 2080 636 2109 182.
666 2080 724 2120 24,
754 2080 854 2118 418.)
883 2080 1123 2120 cognominatus
1149 2089 1210 2109 sex
1237 2080 1284 2118 (in
1311 2080 1442 2110 scholiis
1470 2081 1507 2111 ad
1536 2091 1665 2110 versum
1692 2086 1816 2120 septem
1846 2078 1936 2122 sunt)
1963 2080 2024 2110 ha-

235 2142 301 2171 buit
334 2140 474 2181 fratres,
512 2142 561 2179 qui
597 2151 704 2171 omnes
735 2152 753 2172 a
780 2145 877 2182 gente
905 2141 1087 2181 Asehdjah,
1124 2142 1206 2171 inter
1233 2152 1324 2182 quam
1352 2148 1385 2173 et
1412 2143 1513 2182 ipsius
1542 2148 1670 2183 gentem
1698 2144 1812 2172 bellum
1841 2143 2024 2184 gerebatur,

236 2204 333 2234 occisi
360 2209 460 2233 erant.
512 2203 652 2233 Baihaso
680 2209 786 2234 autem
817 2209 895 2234 natu
923 2204 1071 2242 minimo,
1110 2205 1159 2244 qui
1187 2205 1333 2244 stupidus
1364 2204 1547 2242 haberetur,
1575 2211 1794 2244 pepercerant.
1845 2206 1923 2235 Tam
1950 2211 2024 2235 stu-

236 2266 327 2306 pidus
354 2270 433 2306 erat,
461 2270 494 2295 ut
522 2267 550 2295 in
579 2267 747 2305 proverbio
776 2266 952 2296 diceretur:
981 2266 1144 2306 Stupidior
1172 2277 1263 2307 quam
1290 2266 1406 2296 Baihas
1435 2267 1550 2304 (Meid.
1577 2268 1740 2308 6,174.).
1770 2269 1829 2298 Hic
1853 2269 1891 2298 ab
1917 2277 2022 2298 avun-

236 2327 308 2357 culo
337 2337 409 2366 suo,
435 2326 696 2367 Abu-Henesch,
735 2327 861 2357 adiutus
889 2327 1018 2358 fratrum
1046 2339 1174 2359 suorum
1202 2330 1332 2359 caedem
1368 2329 1453 2358 ultus
1482 2334 1543 2360 est.
1594 2330 1663 2360 Res
1690 2331 1774 2370 apud
1801 2330 1898 2360 Meid.
1926 2330 1958 2370 4,
1993 2331 2020 2359 1.

237 2396 365 2421 narrata
393 2393 541 2429 sequenti
577 2400 703 2430 qnoque
739 2391 926 2430 proverbio:
969 2392 1041 2420 »Ne
1068 2401 1087 2421 a
1114 2392 1242 2430 stupido
1272 2402 1409 2422 securus
1436 2393 1495 2431 sis,
1525 2393 1597 2422 dum
1623 2393 1652 2422 in
1679 2393 1748 2423 eius
1776 2402 1869 2422 manu
1896 2392 2022 2432 gladius

237 2459 304 2484 est:
334 2454 450 2492 (Meid.
473 2454 530 2494 23,
562 2454 662 2492 266.)
690 2453 844 2494 originem
872 2452 992 2482 dedit«.
1045 2453 1139 2483 Plura
1166 2459 1334 2492 praeterea
1361 2455 1531 2494 proverbia
1556 2455 1595 2484 ab
1622 2463 1660 2484 eo
1690 2455 1842 2495 originem
1864 2453 2023 2484 duxerunt

239 2515 345 2544 conf.
374 2515 471 2544 Meid.
501 2515 558 2555 23,
581 2515 612 2544 2.
633 2515 714 2544 248.
733 2515 814 2544 249.
842 2513 900 2554 28,
918 2514 973 2543 48.
1027 2514 1227 2544 Scholiastes
1255 2525 1380 2554 quoque
1404 2521 1522 2556 narrat,
1551 2525 1621 2545 eum
1648 2514 1851 2545 femoralibus
1879 2514 2023 2559 (kk-1955«)

234 2579 304 2607 loco
332 2577 435 2606 vestis
463 2577 627 2606 interioris
658 2577 791 2615 (cuth)
819 2585 912 2606 usum
939 2584 1015 2605 esse
1043 2579 1073 2605 et
1103 2585 1196 2615 quum
1224 2578 1484 2618 interrogaretur,
1515 2587 1571 2607 cur
1597 2576 1628 2607 id
1655 2577 1787 2617 faceret,
1818 2577 2023 2616 respondisse
