2247 2865
962 108 1009 114 —-
1063 87 1134 119 463
1209 104 1230 108 ⁷-

204 193 414 234 pertiucntem
441 193 586 223 duxerat.
642 192 691 221 Ex
720 192 781 221 ista
809 200 909 220 uxore
938 190 990 219 {ilii
1019 190 1046 219 ei
1075 191 1139 219 nati
1168 193 1278 225 erant,
1308 196 1384 226 quos
1413 198 1532 227 parvos
1561 198 1668 219 seeum
1698 190 1833 220 babebat
1862 198 1991 230 postre-

202 266 281 288 mum
309 257 416 297 gentis
447 255 590 286 Fesarali
619 255 719 285 locum
745 264 924 294 occupans·
968 255 1029 284 llic
1057 263 1137 283 voce
1162 253 1245 290 ulta,
1285 261 1345 291 qua
1379 256 1504 291 tempus
1533 262 1660 291 precum
1689 255 1908 285 matutinarum
1938 256 1986 285 in-

203 320 339 356 dicebat,
367 319 513 349 hostibus
542 319 643 347 locum
670 327 762 346 suum
792 317 934 346 indicans
964 318 1083 356 primus
1111 317 1328 347 trucidabatur
1356 321 1478 347 centum
1500 316 1630 346 camelis
1657 317 1749 346 simul
1773 319 1879 356 raptis.
1909 319 1989 348 Tum

202 384 231 414 in
258 384 357 413 latere
394 382 451 412 loci
489 380 675 421 Aladjsor¹)
703 381 853 420 appellati
879 381 1014 419 quinque
1044 381 1121 409 viris
1149 390 1165 409 c
1193 386 1290 419 gente
1321 380 1452 409 Alinbas
1487 380 1515 410 b.
1553 379 1707 418 Objainali
1735 380 1763 408 b.
1794 380 1877 409 llizn
1906 391 1988 420 pone

201 451 329 485 gentem
358 454 447 475 suam
475 443 681 473 versantibus
710 443 835 471 obviam
864 452 991 471 venere.
1046 443 1085 471 lli
1115 442 1238 472 sortiter
1266 447 1445 484 pugnantes
1477 453 1577 482 usquc
1605 443 1643 473 ad
1676 453 1845 482 vesperam
1873 445 1986 474 hostes

201 513 405 547 occuparunt,
434 511 465 536 ut
496 506 525 535 in
552 510 681 546 gentem
710 505 870 533 incurrere
898 514 958 533 non
987 509 1131 543 possent.
1159 505 1298 535 'l'andem
1328 506 1405 535 viris
1433 506 1548 543 vit-tis,
1589 515 1681 545 quum
1711 508 1804 535 arinis
1834 507 1991 546 equisque

201 569 348 599 destituti
385 574 520 606 essent,
563 568 658 598 multa
697 568 831 596 vulnera
857 567 970 607 gladiis
999 567 1192 596 inflixerunt.
1247 568 1437 598 Nascliiralii
1466 568 1493 597 b.
1524 568 1698 598 Alinbasali
1728 578 1848 598 nervos
1877 570 1988 599 ambos

199 632 282 672 enni,
309 631 442 661 medulla
471 631 582 670 spinuli
619 630 757 668 intacta,
796 633 999 668 amputarunt
1027 633 1060 657 et
1095 630 1224 658 occisos
1262 640 1339 660 esse
1372 634 1519 670 putantes
1555 631 1671 660 abiere.
1725 632 1856 661 Factum
1883 637 1989 661 autem

199 698 262 734 est,
289 699 322 723 ut
351 693 449 723 flante
476 693 630 732 Zephyro
659 693 792 721 vulnera
818 692 903 721 terra
933 692 1150 730 implerentur,
1185 702 1266 731 quae
1293 703 1345 722 res
1373 693 1499 733 effecit,
1530 697 1561 723 ut
1589 698 1790 722 sanarentur.
1844 693 1990 723 Calbitae

196 756 319 785 interim
345 765 437 784 mane
467 755 494 784 in
523 755 621 784 latere
649 754 710 784 loci
740 754 823 784 Atah
852 753 1002 792 appellati
1031 753 1297 784 Ahbd-Auahum
1325 755 1353 784 b.
1384 755 1541 795 Objainah
1570 756 1597 785 b.
1629 756 1732 793 llizn,
1761 756 1811 795 qui
1840 766 1912 786 cum
1940 756 1990 786 sa-

196 818 281 847 milia
307 827 367 847 sua
394 817 517 846 nonnisi
545 816 641 846 titium
671 816 864 856 Aldjalidum
893 818 1042 846 comitem
1069 825 1180 845 secum
1208 817 1328 847 habens
1355 820 1415 847 iter
1442 818 1600 858 faciebat,
1642 819 1840 848 invenerunt.
1895 818 1987 856 Quos

197 879 407 909 advenientes
436 889 529 918 quum
566 879 648 909 filius
684 880 926 918 conspexisset,
966 888 1004 908 se
1038 888 1164 908 armans
1200 889 1316 918 equum
1351 879 1547 909 conscendit.
1600 881 1750 920 Iuvenis,
1791 880 1862 909 dum
1891 880 1931 909 illi
1959 882 1990 909 in

197 947 313 972 terram
341 941 590 981 descenderunt,
619 945 756 972 seorsim
785 942 930 971 recessit.
984 942 1074 981 Seni,
1102 942 1227 980 quinam
1257 947 1380 981 essent,
1409 942 1619 982 interroganti
1647 942 1809 982 dixerunt,
1836 951 1871 972 se
1898 941 1990 972 deci-

196 1004 253 1034 mis
279 1004 466 1044 colligendis
494 1005 678 1043 praefectos
699 1005 815 1034 missos
841 1014 918 1034 esse
940 1005 979 1034 ab
1000 1003 1270 1034 Abbd-Almalico
1292 1004 1320 1033 b.
1343 1005 1499 1043 Merwarr,
1528 1010 1562 1033 ut
1586 1005 1736 1034 tributum
1756 1005 1794 1034 ab
1815 1004 1986 1042 Arabibus‚

195 1065 306 1104 quibus
334 1071 559 1103 occurrerent,
603 1067 792 1107 colligerent
818 1070 847 1096 et
875 1067 1071 1106 postulanti,
1117 1071 1151 1096 ut
1179 1065 1360 1095 mandatum
1388 1066 1510 1106 regium
1540 1066 1764 1107 ostenderent,
1805 1066 1911 1106 sigillo
1937 1068 1988 1095 in—

193 1132 351 1157 structum
379 1128 560 1158 mandatum
590 1129 810 1167 protulerunt,
839 1128 996 1158 Homaido
1028 1128 1056 1157 b.
1084 1127 1207 1158 Babdal
1239 1126 1443 1169 scrip3111112).
1498 1130 1576 1158 lloe
1612 1129 1752 1167 perlecto
1786 1138 1824 1158 se
1860 1127 1990 1157 obedire

192 1189 282 1219 dixit.
348 1190 513 1220 Tributum
541 1191 601 1220 sibi
628 1191 820 1220 solvendum
857 1191 1051 1230 acciperent.
1112 1190 1195 1229 Ipsis
1223 1191 1362 1220 oblatum
1392 1191 1538 1220 tributum
1567 1200 1627 1219 non
1655 1190 1805 1220 sufficere
1833 1189 1989 1229 dicentes,

191 1251 404 1291 postularunt,
432 1257 466 1281 ut
497 1256 591 1282 totam
619 1259 747 1293 gentem
776 1253 922 1284 Fesarah
949 1258 1164 1294 congregaret
1193 1256 1223 1282 et
1250 1253 1318 1281 eius
1349 1253 1500 1282 tributum
1528 1253 1557 1281 in
1581 1252 1681 1281 locum
1707 1251 1866 1291 quendam
1885 1254 1989 1280 terrae

192 1315 232 1344 ab
261 1315 331 1354 ipso
359 1315 520 1344 habitatae
548 1314 689 1345 afferret.
742 1316 836 1346 Alter
863 1321 970 1346 autem
998 1325 1035 1345 se
1063 1316 1137 1345 huic
1178 1318 1222 1345 rei
1257 1315 1407 1354 imparem
1447 1324 1541 1354 esse,
1581 1316 1698 1353 quippe
1732 1323 1811 1354 gens
1842 1312 1987 1342 Fesarah

191 1388 296 1419 neque
323 1383 520 1419 congregata
547 1379 587 1408 sit.
614 1388 671 1408 nec
699 1389 761 1408 uno
790 1380 859 1409 loco
893 1383 1116 1409 commoretur.
1182 1378 1318 1408 Primam
1356 1379 1425 1407 eius
1455 1383 1577 1416 partem
1607 1378 1636 1406 in
1666 1377 1736 1406 loco
1765 1375 1989 1415 Almodhadjih

190 1442 350 1481 appellato
377 1441 517 1482 degereg
557 1451 594 1471 se
633 1442 703 1471 eius
740 1446 931 1481 postremum
959 1442 1059 1471 locum
1097 1450 1263 1480 occupare.
1316 1442 1408 1479 Ipsos
1439 1440 1477 1469 ad
1507 1450 1572 1469 rem
1606 1439 1819 1479 peragendam
1847 1439 1987 1478 aptiores

189 1514 265 1535 esse
292 1514 385 1544 quam
413 1514 471 1544 se,
505 1505 620 1544 quippe
658 1505 709 1544 qui
752 1514 794 1534 ex
821 1504 916 1544 Syria
950 1505 1114 1533 venientes
1152 1504 1327 1543 longiorem
1367 1503 1450 1532 viam
1492 1502 1665 1542 fecissentl.
1711 1501 1811 1530 donec
1852 1505 1984 1539 postre-

190 1575 259 1596 mos
285 1567 390 1607 gentis
420 1568 564 1597 homines
596 1568 627 1597 in
652 1567 721 1597 loco
750 1567 866 1596 Alliwa
894 1568 1085 1598 invenerint.
1138 1566 1183 1595 Se
1212 1574 1340 1605 quoque
1368 1575 1472 1604 neque
1501 1565 1648 1593 iuvenem
1677 1573 1777 1601 esse,
1816 1571 1917 1601 neque
1943 1571 1985 1590 ex

189 1628 306 1658 familia
333 1638 393 1659 sua
420 1630 478 1659 nisi
507 1639 598 1660 unum
627 1630 775 1660 iuvenem
801 1640 910 1659 secum
939 1630 1066 1659 babere.
1117 1629 1212 1668 Ipsos
1255 1633 1360 1656 autem
1401 1627 1513 1665 quovis
1552 1626 1602 1655 die
1629 1635 1744 1666 agmen
1774 1625 1830 1654 sibi
1858 1625 1984 1653 obviam

189 1690 364 1732 habituros,
392 1691 493 1721 donec
521 1692 560 1721 ad
589 1693 719 1731 primam
749 1693 854 1733 gentis
885 1698 1007 1731 partem
1043 1691 1168 1721 venturi
1205 1692 1279 1719 sint.
1338 1689 1475 1720 Gentem
1512 1689 1695 1727 pabulatum
1732 1688 1908 1727 proiectam
1946 1685 1985 1714 ibi

189 1762 337 1793 pascere,
365 1754 414 1783 ubi
444 1755 590 1793 pabulum
617 1755 668 1784 sit..
711 1755 758 1784 llli
788 1760 916 1793 contra,
944 1759 1073 1795 gentem
1102 1753 1181 1794 fuga
1210 1754 1339 1791 principi
1361 1753 1506 1782 tributum
1529 1752 1712 1781 detrectare
1739 1756 1769 1780 et
1801 1749 1985 1788 obsequium

189 1822 249 1843 non
277 1821 440 1852 praestare
468 1816 625 1846 dixerunt.
679 1816 773 1853 Quod
801 1826 893 1856 quum
920 1817 970 1846 vir
994 1820 1163 1856 negasset,
1191 1816 1232 1845 illi
1261 1815 1470 1850 nibilominus,
1499 1818 1530 1844 ut
1557 1819 1684 1853 gentem
1714 1817 1893 1851 quaereret,
1921 1819 1982 1850 po-

189 1875 356 1906 stularunt.
409 1879 449 1907 At
477 1879 558 1908 alter
588 1889 625 1907 se
653 1882 698 1909 rei
726 1890 833 1919 parem
862 1890 922 1909 non
951 1889 1026 1909 esse
1061 1880 1189 1918 dicens,
1229 1884 1262 1908 ut
1291 1879 1438 1908 tributum
1467 1878 1670 1915 acciperent5
1711 1875 1849 1914 rogavit.
1901 1874 1982 1903 Tum

189 1940 248 1971 illi:
288 1939 452 1976 Quomodo
481 1947 512 1970 tu
540 1943 689 1971 tributum
717 1943 820 1971 solvis
847 1946 877 1973 et
911 1943 1098 1981 obsequium
1134 1947 1305 1981 praestas,
1346 1940 1418 1970 dum
1447 1941 1530 1970 lilius
1559 1943 1632 1969 tuus
1664 1949 1741 1979 erga
1770 1934 1830 1973 (ΙΙ.
1855 1931 1984 1972 ⁸282.)

191 2011 250 2031 nos
277 2003 416 2041 superbe
444 2012 480 2031 se
507 2004 599 2043 gerit.
653 2004 746 2034 Pater
772 2011 878 2034 autem
907 2005 1001 2035 dixit:
1040 2005 1135 2035 filium
1163 2005 1242 2044 ipsis
1270 2005 1309 2034 nil
1338 2004 1476 2039 debere:
1516 2009 1679 2033 sumerent
1712 2005 1807 2043 igitur
1834 2004 1982 2034 tributum

190 2071 221 2094 et
250 2065 384 2102 abirent,
410 2066 435 2095 si
462 2066 574 2095 sinceri
602 2071 724 2097 essent.
777 2067 855 2096 'l'um
879 2067 939 2107 iili,
968 2069 1048 2098 banc
1074 2067 1187 2108 agendi
1215 2069 1367 2096 rationem
1395 2067 1540 2105 probare,
1567 2076 1638 2095 eum
1665 2076 1734 2096 cum
1755 2065 1980 2096 Ebu-Sobairo

189 2127 304 2167 fuisse,
332 2128 491 2158 dixerunt.
545 2129 636 2158 Alter
662 2135 781 2166 autem,
808 2140 846 2160 se
875 2131 935 2161 hoc
960 2141 1019 2160 non
1047 2131 1188 2168 secisse,
1216 2130 1270 2160 sed
1299 2130 1419 2159 deserti
1447 2130 1579 2159 incolam
1609 2131 1758 2159 tributum
1786 2130 1814 2159 ei
1841 2129 1981 2166 solvere,

190 2190 242 2229 qui
270 2190 430 2229 imperium
458 2190 583 2220 habeat.
637 2192 717 2221 Tum
731 2193 944 2232 postularunt,
974 2199 1019 2232 ut,
1047 2196 1076 2223 si
1102 2203 1204 2223 verax
1231 2196 1332 2232 esset,
1361 2193 1456 2222 filium
1485 2193 1685 2223 descendere
1713 2193 1844 2222 iuberet.
1873 2191 1978 2229 Pater,

186 2251 248 2282 filio
275 2253 316 2282 nil
343 2253 566 2292 praestandum
595 2264 681 2292 esse,
709 2255 829 2296 dicens,
858 2266 929 2286 eum
958 2255 1039 2294 quod
1067 2256 1168 2295 viros,
1196 2264 1297 2294 equos
1326 2260 1358 2285 et
1382 2265 1468 2286 arma
1490 2258 1707 2294 conspexerit,
1736 2255 1874 2284 timorem
1902 2262 1979 2282 con-

186 2315 327 2354 cepisse.
380 2315 445 2345 lllis
475 2319 578 2345 autem
607 2317 795 2357 urgentibus
822 2323 854 2347 et
887 2319 993 2347 iuveni
1021 2318 1226 2347 securitatem
1255 2317 1511 2356 promittentibus
1540 2323 1630 2356 pater
1658 2317 1755 2346 lilium
1782 2315 1976 2345 descendere

186 2376 286 2406 iussit.
339 2377 383 2406 At
403 2378 505 2406 tilius:
538 2387 555 2406 o
575 2373 683 2417 pater!
711 2388 774 2420 ego
805 2381 916 2410 oculos
945 2391 994 2410 me
1022 2384 1271 2409 mactaturorum
1298 2379 1394 2410 video
1420 2379 1544 2420 dicens)
1572 2381 1722 2420 precibus
1740 2384 1863 2418 patrem
1889 2387 1978 2408 com-

202 2471 232 2498 ¹)
249 2470 375 2502 Aladjt'or
393 2479 489 2496 nomen
509 2473 559 2497 loci
579 2474 647 2497 inter
665 2473 884 2506 Alchosnimijjati
904 2480 930 2500 et
949 2477 1013 2500 Faid
1033 2476 1075 2499 siti
1095 2482 1164 2506 esse,
1184 2476 1209 2499 in
1228 2475 1338 2499 Kamusi
1358 2482 1437 2505 opere
1456 2476 1577 2506 legimns.

199 2523 233 2554 Β)
254 2525 343 2548 Verba
357 2518 387 2549 μ’
414 2520 511 2562 *²⁴*ss
531 2527 549 2551 1.
570 2527 605 2551 10
624 2528 676 2551 infr
703 2528 762 2551 mibi
790 2529 955 2558 transposita
985 2531 1123 2559 videntur,
1152 2533 1179 2554 ut
1199 2534 1259 2560 post
1277 2536 1369 2553 vocem
1396 2521 1498 2563 ,ΜΒ
1519 2528 1658 2552 inserenda
1675 2528 1734 2551 siut,
1764 2529 1864 2551 Beatus
1881 2528 1913 2551 de
1924 2528 1977 2551 Sa-

249 2579 319 2604 cyus
337 2575 462 2607 coniecit,
479 2583 587 2601 sensum
606 2584 698 2601 eorum
716 2584 788 2602 esse:
807 2582 835 2602 et
851 2579 953 2609 scripto
972 2587 1002 2604 se
1019 2581 1194 2605 adstrinxerit
1212 2581 1245 2604 ad
1263 2582 1420 2605 solvendam
1439 2581 1639 2609 eleemosynam
1659 2578 1828 2611 (tributum).
