2247 2865
993 99 1260 130 -272-

1037 193 1210 228 xcix.

798 256 978 293 Ain-tiit·
1002 259 1125 294 dixit
1149 261 1272 301 (conf.
1295 272 1324 302 p.
1351 261 1448 299 136.).

232 343 262 372 1.
284 341 461 380 Iltrvffanus
481 349 540 378 pro
560 348 609 368 me
632 338 775 366 dormivit
796 339 829 365 et
847 346 904 373 eqo
924 346 983 374 pro
1005 346 1040 366 eo
1061 338 1169 367 sidera
1192 338 1364 376 observavi,
1387 339 1461 368 dum
1482 348 1613 368 somnus
1636 348 1706 368 eum
1729 338 1979 376 amplectebatur.

331 411 367 440 In
394 409 505 440 itinere
531 417 569 437 se
594 406 782 448 vigilantem
817 404 1002 435 describens
1039 406 1168 446 laudat,
1205 407 1250 437 ita
1281 412 1316 438 ut
1350 408 1458 438 socius
1492 418 1549 448 pro
1585 409 1656 448 ipso
1693 407 1828 438 dormire
1863 407 2022 438 videatur.

232 473 363 505 Ihriffan
388 481 502 502 nomen
528 469 607 499 socii
632 469 662 498 in
688 469 803 498 itinere
830 471 892 497 est.
944 468 1073 497 Nomen
1101 477 1225 508 quoque
1256 469 1409 500 Ohroffan
1432 472 1643 509 enunciatur,
1670 471 1710 501 ab
1737 471 1863 501 animali
1889 472 1937 500 sic
1963 479 2024 510 ap-

236 536 365 576 pellato,
392 531 548 563 nonnullis
575 531 757 570 lacerta,
785 529 972 559 derivatum.
1026 530 1161 560 Kamusi
1185 536 1306 572 auctor,
1333 533 1384 572 qui
1409 543 1541 564 versum
1568 534 1669 564 citans
1698 543 1824 572 nomen,
1852 533 1938 573 quod
1963 532 2024 563 viri

237 602 339 637 esset,
366 595 491 626 nonnisi
503 603 574 624 cum
590 592 712 623 duabus
728 592 896 621 vocalibus
910 591 1017 621 Kesra
1030 593 1299 631 pronunciandum
1315 594 1457 636 scripsit,
1483 600 1635 635 tanquam
1650 597 1828 626 animalculi
1842 600 1948 626 autem
1962 604 2024 625 no-

236 667 311 689 men
336 665 470 687 crassae
495 654 652 695 locustae,
681 663 763 694 quae
788 653 911 683 nonnisi
937 653 967 682 in
992 654 1101 693 planta
1116 653 1222 683 Rimts
1240 659 1273 684 et
1285 654 1508 686 Ohnthsowan
1521 657 1698 696 reperiatur
1711 662 1766 687 aut
1779 657 1861 687 alius
1887 657 2024 687 animal-

236 720 298 751 culi
306 728 420 750 nomen
434 723 501 748 tum
516 726 584 747 cum
598 717 718 747 duabus
731 716 898 746 vocalibus
909 716 1015 746 Kesra
1029 720 1096 746 tum
1110 726 1181 747 cum
1191 716 1314 746 duabus
1324 718 1491 748 vocalibus
1503 718 1660 748 Dhamma
1668 718 1774 749 afferri
1788 719 1899 749 voluit?
1920 719 2024 749 Unum

236 792 292 823 pro
320 782 421 812 altero
449 789 593 810 somnum
619 787 734 818 capere
760 787 854 817 quum
881 787 916 808 re
943 787 1023 808 vera
1047 787 1110 808 non
1136 783 1270 820 posset,
1305 779 1453 820 loquendi
1478 780 1604 810 modum
1628 777 1723 822 535ll
1749 778 1827 821 3OE
1855 782 2024 821 vitupera-

238 843 322 882 runt,
349 852 419 874 eum
433 841 570 880 nonnisi,
597 846 631 871 ut
659 850 823 882 congruus
850 841 891 872 sit
918 837 1055 881 (ὠςὼ)
1082 842 1191 872 verbis
1216 843 1426 882 sequentibus
1452 840 1522 884 2715
1546 842 1648 882 axa-25,
1675 843 1847 874 adhibitum
1867 843 2023 874 dicentes.

239 918 333 957 Quae
357 926 412 947 res
439 916 580 946 fortasse
606 918 638 946 in
664 925 766 946 causa
791 920 884 956 erat,
923 925 977 946 cur
1013 917 1095 946 alter
1131 917 1260 958 legendi
1289 918 1402 948 modus
1427 915 1522 962 &fil
1548 903 1637 965 Uli}
1661 915 1739 956 3&
1770 917 1871 948 »Mihi
1898 917 2026 948 suffecit

237 982 268 1011 in
285 978 467 1021 cognitione
481 977 605 1008 somni«
637 981 750 1006 ortuus
763 976 816 1007 sit.
852 976 963 1008 Ortum
978 981 1084 1007 autem
1111 982 1143 1008 et
1171 987 1324 1010 occasum
1350 980 1492 1010 siderum
1517 980 1643 1010 Arabes
1659 980 1836 1010 observare
1863 980 2025 1020 solebant,

235 1049 271 1075 ut
295 1042 368 1073 inde
393 1046 521 1080 tempus
550 1041 678 1080 pluviae
705 1045 955 1081 cognoscerent.
1009 1041 1153 1072 Arabum
1180 1043 1271 1082 poesi
1297 1044 1459 1083 proprium
1482 1046 1545 1084 est,
1572 1043 1810 1083 prosopopoeia
1828 1043 2025 1084 frequentis-

235 1107 313 1137 sime
337 1105 392 1135 uti.
443 1104 500 1134 Sic
525 1113 670 1134 somnum
698 1109 847 1143 tanquam
874 1113 1044 1143 personam
1081 1104 1141 1134 hoc
1178 1104 1208 1134 in
1235 1115 1334 1135 versu
1359 1105 1535 1145 descripsit
1561 1105 1770 1135 dormientem
1797 1106 1946 1146 amplexu
1972 1110 2025 1136 te-

234 1173 373 1200 nentem.
427 1167 536 1197 Verba
562 1171 665 1196 autem
687 1166 879 1206 designant,
908 1175 1020 1195 somno
1048 1176 1119 1196 eum
1145 1167 1270 1196 omnino
1299 1168 1410 1197 teneri.
1463 1168 1585 1209 Pagina
1611 1167 1644 1197 1⁹?
1670 1177 1702 1197 v.
1730 1167 1763 1198 3.
1791 1177 1937 1198 somnum
1964 1169 2026 1198 ho-

236 1231 327 1262 minis
357 1230 467 1260 oculos
494 1238 652 1260 consuere
678 1229 826 1269 legimus.
870 1229 961 1259 Voce
988 1224 1061 1271 k535
1079 1227 1184 1257 levem
1211 1237 1355 1258 somnum
1382 1228 1597 1269 significante,
1624 1229 1698 1259 dum
1724 1229 1812 1270 Uul-xj
1838 1230 2026 1270 proclivitas

235 1295 267 1324 in
292 1302 439 1323 somnum
470 1295 544 1331 est7
571 1299 647 1320 usus
674 1296 727 1320 est
753 1294 850 1329 poeta
875 1290 1084 1331 indicaturus,
1110 1300 1151 1320 ne
1179 1291 1242 1321 levi
1269 1291 1393 1330 quidem
1419 1301 1529 1321 somno
1558 1301 1597 1322 se
1623 1293 1790 1333 occupari,
1818 1292 1890 1323 dum
1917 1293 2025 1323 socius

238 1364 363 1395 semper
388 1354 612 1384 somnolentus
641 1353 693 1383 sit.

236 1454 268 1482 2.
291 1452 355 1481 Per
367 1454 486 1480 noctem
499 1448 672 1490 (somnus)
695 1452 725 1479 ei
737 1451 901 1487 coniuyem
913 1440 1052 1488 suasque
1071 1450 1157 1487 silias
1178 1451 1334 1488 ostendit5
1358 1461 1414 1488 eqo
1436 1454 1539 1480 aulem
1560 1451 1651 1480 sidus
1671 1453 1702 1480 ei
1723 1453 1862 1488 ostendo,
1884 1453 1938 1482 ubi
1958 1454 2026 1481 eim

1028 1514 1162 1533 occasus·
1183 1506 1233 1534 sil.

340 1574 432 1613 Quae
457 1575 490 1604 in
515 1572 726 1603 antecedente
751 1582 852 1602 versu
878 1571 1015 1612 dixerat,
1043 1582 1083 1603 ea
1095 1573 1198 1614 magis
1214 1577 1358 1604 exornat.
1384 1574 1467 1604 Dum
1482 1583 1616 1604 somnus
1642 1574 1774 1604 somniis
1801 1574 1830 1604 ei
1857 1575 2028 1616 coniugem

239 1638 384 1676 filiasque
411 1635 566 1676 producit,
592 1644 655 1676 ego
682 1635 790 1665 sidera
817 1635 979 1676 observo,
1009 1640 1045 1665 ut
1071 1636 1100 1665 ei
1127 1645 1279 1666 occasum
1307 1645 1417 1666 eorum
1443 1635 1613 1666 ostendere
1643 1637 1775 1676 possim,
1824 1636 2027 1680 Scholiastes

238 1703 356 1739 autem,
383 1707 474 1737 quum
500 1698 640 1738 vigilans
667 1708 701 1727 re
727 1707 807 1728 vera
833 1697 915 1728 scire
941 1707 1003 1727 non
1029 1698 1146 1739 possit,
1172 1708 1245 1728 num
1271 1697 1350 1728 alter
1369 1698 1505 1728 somniet
1530 1708 1589 1729 nec
1615 1698 1872 1751 nebadnotavit,
1899 1704 2028 1738 poetam

240 1772 306 1792 rem
333 1771 375 1791 ex
401 1760 548 1800 opinione
574 1769 634 1790 sua
661 1760 874 1800 descripsisse
899 1759 1118 1799 indicaturum,
1143 1761 1265 1791 socium
1293 1760 1383 1791 firmo
1410 1761 1554 1801 dulcique
1572 1770 1682 1792 somno
1696 1761 1806 1792 teneri.
1839 1761 2028 1792 Subiectum

242 1823 334 1854 verbi
358 1832 418 1867 '⁵³53
445 1822 597 1852 omissum
622 1831 671 1852 sc.
698 1818 772 1868 :⁹³³⁵
800 1826 861 1851 est.
913 1822 947 1851 In
975 1831 1124 1851 sermone
1151 1832 1203 1852 res
1228 1823 1290 1852 sibi
1317 1824 1503 1863 oppositas,
1529 1826 1565 1852 ut
1591 1822 1623 1852 in
1649 1821 1743 1852 huius
1770 1831 1886 1852 versus
1913 1827 2028 1862 poste-

241 1887 324 1917 riore
350 1890 383 1916 et
409 1886 513 1926 priore
539 1884 764 1923 hemistichi0‚
802 1883 914 1914 diserti
946 1894 1046 1924 saepe
1081 1883 1291 1923 protulerunt.
1343 1884 1400 1914 Sic
1435 1884 1466 1913 in
1493 1883 1621 1914 Corano
1648 1883 1721 1914 Sur.
1750 1883 1794 1923 2,
1826 1883 1903 1914 190.
1944 1883 2029 1922 »Qui

241 1953 350 1980 contra
375 1958 437 1979 vos
463 1949 606 1978 inimicus
633 1952 703 1986 est,
729 1951 839 1978 contra
863 1957 936 1977 eum
964 1946 1078 1976 inimici
1107 1951 1213 1976 estote
1228 1940 1257 1974 l«
1288 1951 1321 1976 et
1347 1945 1420 1976 ibid.
1449 1946 1524 1976 Sur.
1553 1945 1586 1976 2.
1614 1955 1646 1975 v.
1679 1944 1733 1976 13.
1763 1945 1817 1976 14.
1856 1947 1950 1976 »Nos
1976 1947 2028 1977 lu'-

242 2011 339 2042 dibrio
376 2012 550 2053 habemus3
591 2011 682 2040 Deus
722 2019 781 2040 eos
816 2009 949 2039 ludibrio
982 2009 1111 2039 habeta
1166 2007 1232 2038 Sed
1264 2008 1293 2037 in
1323 2010 1504 2047 posteriore
1539 2008 1741 2039 hemistichio
1776 2017 1895 2038 sensus
1931 2017 2029 2039 sanae

243 2073 338 2103 menti
365 2072 594 2112 quodammodo
621 2081 799 2112 repugnare
825 2071 965 2111 videtur,
991 2080 1064 2101 nam
1090 2070 1229 2111 vigilans
1255 2070 1296 2108 ei,
1324 2069 1375 2109 qui
1401 2070 1526 2111 dormit,
1554 2069 1669 2101 sideris
1687 2079 1834 2101 occasum
1858 2070 2029 2101 ostendere

244 2143 307 2164 non
331 2139 452 2174 potest,
480 2134 540 2163 nisi
567 2143 639 2164 eum
665 2143 684 2163 e
710 2143 820 2164 somno
847 2138 941 2164 antea
968 2132 1238 2174 expergefecerit.

1108 2227 1161 2260 C.

867 2293 1011 2328 Alius
1033 2293 1235 2335 «fluidam
1259 2291 1397 2326 «lixit.

247 2363 273 2391 1.
298 2362 372 2392 Non
393 2363 522 2391 consido
544 2364 608 2390 nisi
628 2363 682 2391 ubi
704 2364 773 2399 ipsa
795 2366 853 2391 aut
874 2365 942 2391 eius
965 2364 1069 2399 imayo
1093 2363 1231 2390 mendam
1253 2361 1340 2398 apud
1359 2360 1471 2389 sellam
1494 2370 1593 2389 meam
1617 2364 1770 2390 versatur.

346 2431 470 2462 Itineris
496 2431 706 2460 conditionem
731 2430 918 2460 describens
945 2430 1032 2471 dicit,
1060 2440 1079 2460 a
1102 2439 1139 2459 se
1165 2434 1220 2460 aut
1246 2429 1402 2470 vigilante
1429 2434 1484 2459 aut
1511 2429 1687 2460 dormiente
1713 2433 1837 2460 amatae
1854 2429 2026 2470 imaginem

245 2503 305 2523 non
333 2493 495 2523 recedere.
547 2494 669 2524 Poetae
706 2494 806 2524 simile
842 2493 914 2532 quid
945 2493 1076 2532 saepius
1101 2493 1309 2532 protulerunt.
1360 2493 1417 2523 Sic
1453 2492 1686 2524 Amru-FKais
1722 2493 1752 2522 in
1787 2501 1887 2522 versu
1917 2489 2027 2535 (metr.

244 2568 408 2606 'l'hawil):
434 2565 490 2602 dlx:
512 2563 568 2614 ,ὲκ-ἰ
597 2566 672 2613 hosp>
688 2567 743 2606 303
769 2568 861 2613 aasz&
890 2563 981 2608 Lami,
1009 2563 1122 2609 &Lepi
1151 2578 1201 2613 0²²
1228 2555 1346 2613 keah-{aa
1376 2568 1476 2598 »Eius
1503 2568 1608 2609 ignem
1635 2577 1654 2597 e
1680 2566 1851 2608 longinquo
1872 2568 2026 2606 conspexi
