2247 2865
1102 94 1172 118 XVI!

225 187 310 218 ratio
332 185 445 217 similis
470 188 530 216 est.
574 183 728 214 Brevitati
749 181 884 212 studens
908 180 937 210 in
961 178 1091 210 scholiis
1115 184 1216 209 metra
1239 177 1438 218 generaliore
1463 175 1556 207 modo
1580 175 1724 213 definivi,
1755 178 1935 217 quippe'ex
1959 186 2030 207 me-

230 247 347 272 trorum
371 239 486 276 tabula,
510 246 601 278 quam
624 239 713 276 opcri
735 235 939 266 adiuncturus
961 235 1034 273 siin,
1059 234 1148 265 metri
1173 234 1301 273 species
1325 233 1421 263 facilc
1444 235 1668 271 cognoscatur.
1720 231 1887 265 Versibus,
1913 231 1964 270 qui
1989 240 2030 261 ex

228 296 299 325 aliis
323 294 471 334 operibus
492 293 521 322 in
545 291 667 322 scholia
689 300 707 321 a
729 300 779 320 me
802 290 910 319 inserti
933 294 1022 322 suut.
1050 299 1088 319 ne
1113 290 1141 318 in
1164 289 1327 318 llamnsae
1349 287 1478 317 scholiis
1503 286 1619 316 frustra
1643 291 1883 325 quaererentur,
1908 286 2029 316 litteras

230 347 312 378 adn.
335 346 439 377 addidi
463 351 494 376 et
515 345 738 384 hemistichia,
772 352 905 384 quorum
931 347 1062 372 metrum
1085 343 1267 374 accuratius
1298 342 1420 372 definiri
1447 350 1507 370 uon
1538 344 1681 379 poterat,
1714 345 1864 378 separato
1896 339 1965 369 loco
2000 339 2030 369 in

231 401 336 431 tabula
364 400 554 431 enumeravi.

314 455 364 486 De
384 456 547 485 uamasne
567 457 674 484 autem
698 452 887 482 editionibus
911 450 1209 490 commentariisque
1231 446 1312 489 loqui
1336 448 1548 489 supersedere
1570 458 1631 478 non
1655 457 1796 487 possum.

314 509 478 539 Hamasae
499 517 580 548 opus
603 508 643 538 ab
666 507 946 537 Abu-Tammamo
971 505 1150 542 collectum,
1176 510 1287 543 postea
1311 510 1463 535 mutatum
1487 514 1562 534 esse
1593 505 1688 534 dubio
1718 507 1815 533 caret.
1868 501 1929 541 Qui
1962 502 2032 532 Ha-

231 564 341 594 misae
363 563 520 594 editiones
543 573 561 593 a
587 562 754 592 Mersukio
783 561 990 600 'rebrisioque
1014 559 1173 599 prolatas,
1197 560 1275 589 iuter
1298 569 1376 600 quas
1399 566 1523 590 eentum
1556 560 1681 590 circiter
1711 568 1863 589 annorum
1894 559 2032 597 spatium

231 619 335 658 iacet,
358 627 428 648 cum
460 617 624 657 diligentia
658 616 880 656 comparavit,
912 616 938 644 is
968 620 1034 644 tum
1068 614 1208 644 ordinem
1230 620 1292 644 tam
1325 615 1523 653 singularum
1555 615 1725 644 carminum
1755 623 1847 653 quam
1879 622 2032 642 versuum

231 675 398 710 mutatum,
422 676 486 701 tum
510 671 616 710 plures
638 679 756 699 versus
779 669 904 699 additos
927 678 1003 699 esse
1025 670 1172 699 inveniet.
1218 669 1322 707 Quem
1346 674 1378 699 et
1402 674 1553 699 mutatum
1578 669 1718 699 ordinem
1752 673 1783 698 ct
1805 668 1930 698 additos
1954 677 2033 697 ver-

231 733 289 755 sus
311 733 370 755 suo
389 734 516 764 semper
536 725 606 755 loco
629 723 789 754 adnotavi.
833 724 884 753 Ad
908 723 1047 754 ordinem
1071 724 1242 754 carminum
1266 728 1418 753 mutatum
1449 723 1684 763 explicandum,
1715 723 1767 762 qui
1801 731 1903 761 neque
1934 731 2034 760 saepe

231 780 366 810 occurrit
387 788 492 818 neque
514 778 620 818 magui
643 780 793 808 momenti
817 784 877 815 est,
901 779 969 808 sola
995 780 1036 809 uti
1068 789 1243 818 possumus
1266 780 1457 809 coniectura.
1502 780 1660 808 Diversus
1691 778 1863 807 carminum
1895 776 1971 806 ordo
2002 777 2034 806 in

229 834 294 864 alia
317 834 465 871 editione,
487 843 580 873 quam
604 843 623 863 a
647 834 814 863 Mersukio
832 833 861 863 iu
887 842 979 863 usum
1005 834 1145 864 adhibita
1161 835 1262 864 fuisse
1285 834 1507 873 videtur3nam
1531 842 1586 862 cur
1601 832 1766 861 Telirisius
1788 840 1847 861 sua
1870 830 2034 860 voluntate

234 888 382 924 ordinem,
407 897 500 928 quem
524 889 552 917 in
576 889 732 918 Mersukii
755 887 890 918 editione
913 893 987 918 ante
1009 890 1118 919 oculos
1140 889 1282 928 haberet,
1306 888 1488 925 mutaverit,
1513 896 1642 916 causam
1667 887 1781 916 nullam
1807 885 1912 915 video.
1956 885 2032 915 Sin-

234 943 329 983 gulos
355 948 462 972 autem
486 951 612 977 versus,
639 943 708 972 sive
733 942 816 982 quod
840 943 869 972 iu
895 943 1057 972 Hamas-ae
1080 943 1141 973 alia
1165 942 1301 972 editione
1329 942 1399 970 sive
1428 941 1458 970 in
1495 946 1658 980 poetarum
1690 939 1858 979 operibus,
1881 949 1899 968 e
1922 938 2036 978 quibus

234 996 535 1027 Abu-'l'ammamus
560 998 768 1035 excerpserit,
802 997 845 1026 ita
879 996 1053 1036 dispositos
1078 997 1243 1035 invenerit,
1268 996 1362 1025 talem
1387 995 1415 1024 in
1442 994 1580 1024 ordinem
1604 994 1748 1033 redigere
1773 993 1884 1033 potuit.
1928 992 2036 1022 Vete-

233 1061 300 1082 rem
323 1051 405 1081 illum
434 1050 586 1088 ordinem,
611 1059 704 1090 quem
727 1049 810 1089 apud
835 1050 1033 1080 Mersukium
1067 1050 1263 1090 invenimus,
1294 1050 1461 1079 recentiori
1494 1049 1630 1078 'l'ebrisii
1658 1049 1764 1078 multis
1786 1048 1815 1077 in
1838 1047 1917 1077 locis
1941 1055 2037 1086 prae-

234 1104 400 1136 serendum
415 1113 492 1134 esse
513 1112 642 1134 censeo.
677 1103 738 1141 Qui
764 1108 869 1134 autem
891 1104 922 1134 in
945 1105 1080 1135 Tebrisii
1104 1105 1239 1134 editione
1263 1104 1359 1133 additi
1383 1109 1455 1134 suut
1478 1112 1607 1141 versus,
1630 1105 1649 1133 ii
1672 1108 1704 1133 et
1725 1103 1958 1133 numerosiores
1977 1102 2037 1131 illis

230 1167 310 1189 esse
332 1158 480 1188 videmus
500 1163 532 1188 et
552 1158 680 1188 maioris
704 1159 852 1188 momenti
883 1164 1040 1198 putamus,
1079 1160 1112 1189 ln
1136 1160 1235 1199 primo
1259 1160 1362 1199 capite
1384 1160 1426 1189 66
1447 1168 1578 1198 versus,
1603 1160 1631 1189 in
1654 1158 1796 1188 secundo
1819 1157 1871 1194 28,
1892 1157 1921 1187 in
1945 1157 2037 1187 tertio

236 1214 286 1252 15,
308 1215 339 1244 in
363 1218 475 1252 quarto
487 1213 539 1252 22,
557 1214 588 1242 in
615 1213 722 1251 quinto
748 1213 795 1252 14,
818 1215 849 1243 in
873 1221 966 1243 sexto
984 1214 1022 1244 17
1044 1215 1073 1244 in
1095 1225 1176 1244 nouo
1197 1216 1226 1250 6,
1254 1215 1282 1244 in
1307 1215 1432 1245 decimo
1457 1215 1471 1245 1
1490 1223 1607 1244 versus
1631 1213 1726 1244 additi
1748 1213 1822 1251 sint,
1845 1212 1957 1252 quibus
1979 1210 2038 1240 169

233 1277 384 1298 versuum
415 1277 539 1297 summa
560 1267 733 1298 conficitur.
777 1268 861 1297 Inter
883 1267 942 1296 hos
964 1268 1107 1307 integrae
1131 1274 1239 1307 partes
1263 1269 1434 1298 carminum
1460 1272 1493 1298 ut
1516 1278 1546 1308 p.
1562 1267 1634 1298 310.
1655 1265 1726 1297 638.
1749 1266 1810 1296 694
1833 1264 1935 1303 (conf.
1956 1262 2036 1301 752)

234 1323 443 1353 inveniuntur.
494 1322 697 1362 Singulorum
727 1331 880 1352 versuum
914 1323 1012 1352 maior
1040 1332 1114 1362 pars
1143 1324 1174 1352 in
1204 1323 1268 1353 fine
1298 1324 1438 1353 locorum
1469 1327 1534 1362 est,
1566 1322 1639 1352 dum
1670 1321 1723 1351 alii
1751 1320 1781 1350 in
1810 1320 1909 1358 initio,
1933 1319 1984 1349 alii
2008 1319 2037 1348 in

235 1376 339 1407 medio
369 1375 466 1406 additi
503 1379 586 1405 suut.
637 1375 701 1412 Qui
731 1375 828 1405 additi
858 1385 975 1405 versus
1006 1377 1034 1406 si
1068 1385 1138 1406 cum
1168 1377 1323 1416 prioribus
1362 1381 1604 1417 comparantur,
1641 1375 1712 1405 illos
1742 1379 1807 1404 tum
1838 1382 1935 1403 sensu
1965 1383 2036 1403 cum

234 1431 284 1462 his
305 1440 366 1461 non
392 1431 576 1468 cohaerere,
590 1435 654 1460 tum
676 1430 906 1469 pulchritudine
928 1429 977 1459 his
998 1439 1097 1470 saepe
1119 1431 1285 1460 inferiores
1310 1440 1384 1461 esse
1407 1431 1544 1471 adparet.
1588 1430 1640 1460 Ex
1662 1429 1803 1468 partibus
1826 1427 1957 1468 integris
1979 1437 2037 1457 au-

233 1490 298 1515 tem
321 1489 414 1523 sunt,
443 1493 575 1524 quarum
604 1489 791 1522 argumenta
822 1484 919 1514 titulis
948 1485 1082 1524 capitum
1111 1485 1212 1515 minus
1243 1485 1446 1524 respondent.
1492 1484 1592 1513 Hisce
1623 1487 1727 1512 autem
1753 1483 1784 1512 in
1818 1482 1912 1512 rebus
1935 1491 2037 1512 causa

233 1537 414 1578 quaerenda
437 1539 504 1573 est,
528 1546 583 1567 cur
605 1538 921 1568 Abu-'rammamus
944 1547 1001 1567 eos
1028 1538 1221 1578 neglexerit3
1253 1547 1310 1569 eos
1340 1539 1379 1568 ab
1403 1539 1683 1568 Abu-Tammamo
1708 1537 1737 1566 in
1757 1537 1865 1567 librum
1888 1541 2036 1576 receptos

232 1601 251 1621 a
273 1591 430 1631 posteris,
459 1590 575 1630 quibus
599 1599 660 1620 non
688 1591 870 1630 placerent,
904 1592 1040 1621 omissos
1070 1600 1144 1621 esse
1177 1601 1196 1621 a
1225 1601 1301 1621 vero
1325 1591 1482 1621 abhorret.
1528 1592 1561 1620 In
1590 1591 1726 1621 Tebrisii
1756 1591 1896 1621 editione
1919 1591 2038 1630 aliquot

233 1645 293 1674 loci
307 1653 433 1684 quoque
456 1646 578 1683 repetiti
601 1649 782 1675 occurrunt.
825 1645 892 1683 Sic,
916 1649 948 1674 ut
972 1645 1149 1684 exemplum
1174 1645 1326 1685 adferam,
1350 1645 1456 1684 p.765.
1481 1646 1510 1675 in
1534 1645 1610 1675 libro
1627 1645 1666 1675 de
1689 1645 1866 1685 hospitibus
1890 1650 1921 1675 et
1945 1645 2038 1676 laude

233 1702 367 1737 quatuor
390 1706 518 1737 versus,
542 1698 593 1737 qui
617 1708 646 1738 p.
670 1698 732 1728 379
753 1708 799 1738 sq.
826 1700 855 1728 in
883 1699 958 1729 libro
983 1699 1195 1739 epicediorum
1219 1701 1378 1740 leguntur,
1403 1700 1526 1739 repetiti
1548 1704 1631 1729 sunt.
1677 1699 1740 1738 Qui
1763 1700 1853 1729 locus
1885 1709 1978 1739 quum
2006 1699 2036 1729 iu

235 1752 394 1782 Mersukii
425 1752 567 1782 editione
597 1753 811 1793 desideretur,
841 1754 916 1793 quin
943 1758 1054 1793 postea
1085 1754 1212 1786 additus
1240 1756 1292 1795 sit,
1327 1755 1459 1785 dubitari
1485 1763 1547 1784 non
1577 1758 1693 1794 potest.
1735 1753 1786 1784 De
1815 1753 1967 1783 versibus
1996 1751 2036 1783 ab

234 1808 514 1839 Abu-'rammam
538 1805 681 1848 repetitis
704 1814 799 1839 antea
831 1809 945 1839 dictum
972 1814 1032 1839 est.

315 1862 408 1893 Unde
419 1867 525 1893 autem
541 1872 660 1893 versus
683 1863 782 1893 additi
797 1864 890 1893 sumti
904 1867 935 1893 et
949 1873 966 1893 a
981 1862 1278 1903 quonaminlibrum
1303 1861 1411 1890 inserti
1436 1859 1532 1891 sunt?
1556 1861 1589 1889 In
1604 1859 1674 1889 loco
1688 1869 1716 1899 p.
1738 1858 1808 1889 160.
1831 1867 1868 1889 se
1883 1858 1922 1888 ab
1946 1858 2039 1889 Abu-

236 1908 342 1945 t'A'hla
364 1917 518 1957 magistro
540 1926 598 1946 suo
620 1926 736 1947 versus
757 1922 822 1947 tres
845 1917 1012 1947 audivisse
1036 1917 1111 1947 dicit
1134 1922 1165 1948 et
1188 1928 1216 1957 p.
1235 1916 1306 1947 523.
1326 1915 1605 1954 Abu-Rijaschum
1628 1918 1790 1944 auctorem
1812 1914 1961 1953 appellat.
2005 1914 2039 1943 ln

235 1969 372 2001 caeteris
398 1977 503 2002 autem
526 1972 603 2002 locis
626 1981 723 2011 quum
747 1972 787 2002 de
810 1973 993 2003 auctoribus
1015 1977 1134 2012 taceat,
1159 1983 1230 2002 eum
1256 1975 1311 2001 aut
1333 1980 1375 2000 ex
1406 1969 1542 1999 editione
1571 1978 1589 1998 a
1627 1967 1786 1997 Mersukii
1817 1967 1955 1998 editione
1987 1967 2039 1997 di

209 2028 215 2037 '
235 2033 332 2054 versa
353 2029 408 2054 aut
430 2035 471 2055 ex
493 2026 570 2065 ipsis
592 2030 754 2065 poetarum
779 2027 939 2066 operibus,
963 2036 1080 2057 versus
1107 2027 1292 2066 repetiisse,
1317 2025 1433 2064 duplex
1454 2025 1611 2054 sententia
1628 2023 1759 2063 proferri
1775 2027 1891 2062 potest.
1921 2023 2038 2054 Tebri-

235 2080 303 2109 sius
323 2082 352 2110 si
374 2089 415 2110 ex
439 2081 630 2111 editionibus
652 2085 886 2114 commentariis
911 2084 1073 2114 instructis
1095 2092 1146 2113 ex.
1178 2093 1225 2124 gr.
1249 2079 1473 2118 Ebu-Djinuii
1512 2087 1629 2108 versus
1656 2077 1884 2117 desumsisset,
1933 2087 2036 2107 nonne

235 2142 307 2162 eum
331 2136 365 2162 ut
388 2133 417 2162 iu
438 2133 498 2163 illis
520 2134 609 2174 locis,
634 2137 731 2165 sicin
755 2136 805 2166 his
828 2138 968 2167 auctoris
991 2138 1183 2168 mentionem
1206 2136 1327 2166 fecisse
1350 2135 1521 2164 verisimile
1548 2131 1616 2163 est?
1640 2132 1788 2171 Accedit,
1812 2132 1896 2173 quod
1920 2141 2039 2162 versus

234 2185 335 2216 additi
357 2186 527 2218 maximam
549 2193 670 2227 partem
694 2192 921 2220 commentario
945 2196 999 2222 aut
1021 2196 1153 2222 careant
1175 2195 1229 2220 aut
1259 2199 1360 2229 parvo
1389 2193 1512 2218 tantum
1542 2187 1685 2217 instructi
1713 2187 1787 2216 sint.
1829 2186 1946 2215 Mirum
1977 2190 2038 2224 est,

236 2241 320 2282 quod
347 2242 378 2273 in
402 2242 471 2273 loco
497 2253 528 2283 p.
627 2255 661 2277 v.
689 2246 722 2276 2.
763 2256 783 2277 a
808 2247 983 2279 scholiasto
1014 2249 1202 2280 adnotatum
1236 2248 1397 2288 legamus,
1430 2255 1560 2276 versum
1587 2248 1734 2284 quartum
1762 2241 1848 2289 )
1873 2243 1912 2272 ab
1940 2242 2035 2272 Abu-

237 2298 423 2328 'l'ammamo
446 2308 641 2339 quamquam
663 2303 694 2331 in
717 2303 850 2333 'febrisii
874 2303 1014 2334 editione
1036 2304 1227 2343 inveniatur,
1240 2306 1403 2342 receptum
1428 2310 1488 2331 non
1515 2309 1599 2330 esse.
1644 2298 1769 2328 Additis
1793 2298 1932 2336 pluribus
1961 2306 2039 2326 ver-

237 2351 338 2388 sibus,
359 2352 412 2392 qui
434 2351 463 2382 in
487 2353 644 2384 Mersukii
669 2355 805 2387 editione
828 2368 888 2387 non
912 2358 1066 2398 leguntur,
1090 2356 1255 2387 Tebrisius
1277 2364 1306 2395 p.
1397 2354 1525 2384 tertium
1547 2360 1676 2383 versum
1701 2350 1822 2379 nonnisi
1846 2350 1875 2378 in
1899 2348 2035 2388 quodam

236 2401 411 2451 exemplari
431 2412 563 2444 inveniri
580 2413 759 2446 adnotavit.
787 2417 952 2449 'rebrisius
967 2421 1085 2456 autem,
1104 2425 1198 2455 quum
1212 2418 1355 2444 veterum
1373 2418 1538 2443 auctorum
1554 2410 1796 2442 commentarios
1820 2409 2038 2459 exscripserit,

236 2466 346 2498 inillis
364 2468 511 2500 versibus
528 2472 783 2512 commentarios,
806 2473 836 2503 si
857 2482 939 2513 quos
962 2471 1105 2510 haberet,
1128 2478 1257 2510 prorsus
1280 2469 1480 2509 neglexisse,
1495 2467 1551 2497 vix
1575 2464 1736 2506 putandus
1759 2468 1816 2493 est.
1839 2462 1931 2501 Quae
1953 2463 2040 2493 hisce

236 2522 369 2558 adderet
390 2525 516 2556 scholia
535 2531 593 2557 aut
615 2526 644 2556 in
669 2529 834 2565 poetarum
857 2525 1008 2565 operibus
1028 2523 1194 2562 adscripta
1216 2527 1271 2553 aut
1292 2523 1322 2552 in
1343 2520 1623 2562 grammaticorum
1647 2516 1811 2556 operibus,
1835 2525 1917 2556 quae
1938 2516 2040 2555 inspi-

237 2580 337 2616 ceret,
360 2578 527 2609 exstitisse
542 2579 686 2614 coniicio,
713 2586 786 2608 nam
809 2577 851 2608 de
871 2580 944 2608 suis
963 2585 1127 2618 perpauca
1149 2585 1222 2607 eum
1245 2575 1404 2606 adiecisse
1425 2573 1532 2603 video.
1574 2570 1642 2602 Sed
1665 2571 1695 2601 in
1717 2570 1789 2601 loco
1814 2580 1842 2609 p.
1865 2570 1940 2602 810.
1961 2579 2040 2600 ver-

1809 2627 1830 2658 3
