2247 2865
997 98 1268 130 -334—

234 232 304 276 (p,
328 227 450 274 18'2,)
489 226 576 257 xime
616 225 736 265 placet.
796 224 890 255 Licet
923 223 1019 253 etiam
1052 223 1243 262 admittere,
1283 232 1399 254 vocem
1434 232 1550 254 nomen
1582 222 1714 253 verbale
1741 233 1759 254 a
1786 224 1891 255 radice
1924 208 2028 271 Οὲυἱῖ

239 303 364 334 »tristis
392 302 474 333 fuit«
504 311 580 332 esse
594 323 604 342 7
632 309 768 340 quocum
795 299 927 338 pluralis
953 296 1079 343 misal
1110 298 1302 329 »tristitiae«
1332 298 1512 328 cohaereat.
1565 299 1647 329 Voci
1674 289 1776 344 stxss
1802 299 2023 340 necessitatis,

233 364 280 394 rei
307 363 515 393 necessariae
542 360 810 402 significationem
837 359 955 389 habere
985 360 1087 389 verba
1113 364 1230 399 poetae
1257 355 1409 402 (metrum
1436 361 1543 401 potius
1559 360 1654 391 Sarih
1674 357 1741 404 est)
1768 361 1849 391 dicta
1876 362 2028 401 probant:

233 426 391 465 Utique
419 434 502 466 ego
529 423 604 454 tibi
633 422 856 452 ostendam
883 422 919 452 in
949 432 1017 461 eo,
1055 420 1156 461 quod
1193 421 1355 451 ostend
1370 431 1413 461 03
1452 422 1548 452 mihi
1581 422 1684 452 duae
1717 432 1788 452 res
1815 433 2031 453 necessa-

236 488 325 518 riae
352 491 471 526 sunt,
499 494 579 515 una
606 485 645 514 in
671 488 794 514 terra
819 483 979 525 Nedjd,
1008 483 1142 513 altera
1167 482 1207 511 in
1232 483 1361 517 India.
1387 485 1607 515 Abu-Hilalus
1624 485 1724 515 verba
1738 475 1833 522 ιὶοζὲῑρ
1852 484 1932 517 ,Χαιϊ
1953 482 1975 517 A
1990 483 2031 530 c‚l

235 550 368 592 legendi
397 548 521 579 modum
548 547 665 577 falsum
693 554 767 577 esse
792 546 936 587 putavit3
964 549 1085 575 rectum
1113 554 1190 574 esse
1218 542 1331 582 [2535
1359 536 1440 594 &35
1466 557 1576 582 um„
1601 544 1627 580 Α
1654 546 1693 592 Ol
1721 545 1843 587 hamel,
1872 549 1898 578 Ε
1909 553 1922 578 t
1950 557 1968 577 e
1980 557 2002 589 g
2013 556 2032 577 0

238 611 358 651 (tibi)
385 611 546 641 irascor
573 609 632 648 (et
657 607 741 638 iuri
767 607 865 648 tuo),
893 607 930 637 si
960 607 1025 637 ius
1054 607 1145 637 iram
1173 608 1419 648 Aschdjahi
1446 618 1519 638 non
1547 610 1724 639 excitat.

239 697 272 726 3.
294 695 443 725 Lanceae
465 695 684 724 Rodm‘niticae
706 700 817 721 sonum
839 692 937 720 edunt
957 693 1039 720 inter
1066 701 1124 721 nos
1153 702 1267 731 eosque
1298 693 1386 721 modo
1415 695 1520 721 avium
1547 695 1784 731 aquaticarum,
1817 703 1912 732 quum
1942 701 2035 721 mane

1061 748 1215 775 esuriunt.

332 808 479 859 Pugnam
511 817 594 846 inter
627 825 716 846 suam
751 819 881 857 gentem
914 815 1091 854 hostesque
1127 814 1308 845 describens
1335 814 1466 844 lanceas
1494 818 1624 854 propter
1658 823 1777 856 sonos,
1810 824 1889 854 quos
1919 816 2031 856 edunt,

237 889 307 911 cum
335 880 450 909 avibus
485 878 664 918 aquaticis,
702 887 783 916 quae
819 877 1001 906 esurientes
1030 877 1190 916 clamant,
1230 877 1441 915 comparavit.
1494 877 1586 906 Duae
1614 882 1719 908 autem
1745 878 1776 907 in
1802 881 2037 918 comparatione

237 952 291 972 res
319 946 436 982 poetae
463 945 538 971 ante
567 940 675 971 oculos
703 940 807 970 fuisse
833 939 999 978 videntur,
1027 950 1089 970 una
1115 939 1229 976 sames,
1258 939 1360 968 altera
1385 939 1503 968 clamor
1531 940 1569 969 ob
1598 939 1711 970 famem
1738 942 1838 970 ortus.
1889 940 2038 970 Lanceae

238 1003 462 1034 Rodainiticae
490 1003 671 1043 appellatae
699 1006 774 1033 sunt
800 1012 819 1032 a
845 1001 1068 1032 Rodainah
1096 1012 1198 1031 uxore
1216 1001 1370 1040 Samhari,
1397 1004 1450 1040 qui
1477 1002 1507 1031 in
1534 1002 1667 1042 regione
1681 1002 1819 1032 Bahrain
1846 1012 1903 1032 eas
1930 1002 2034 1032 confi-

239 1066 356 1096 ciebat.
409 1065 554 1095 Absente
582 1064 692 1094 marito
721 1073 816 1103 quum
845 1073 926 1094 uxor
954 1073 1011 1093 eos
1038 1063 1208 1104 venderet,
1236 1063 1274 1093 ab
1304 1072 1342 1092 ea
1371 1072 1549 1103 cognomen
1576 1067 1769 1102 aeceperunt
1795 1062 1900 1093 conf.
1928 1063 2034 1093 Kam.

241 1134 283 1160 et
310 1131 419 1159 Ham.
450 1130 505 1166 l'l'v,
535 1129 567 1162 2,
622 1129 650 1157 A
678 1128 791 1157 marito
819 1126 1090 1157 Samharitae
1118 1136 1296 1168 cognomen
1324 1127 1432 1157 datum
1460 1131 1522 1156 est.
1560 1127 1712 1156 Lanceae
1740 1135 1863 1164 quoque
1884 1125 2037 1155 Chath-

240 1192 468 1222 thaeenses
496 1188 677 1233 (Hamas.
710 1191 754 1220 W}
783 1199 816 1219 v.
845 1185 895 1232 3.)
930 1189 968 1218 ab
997 1198 1052 1219 ora
1079 1189 1161 1218 inter
1189 1189 1370 1228 provincias
1399 1189 1522 1219 Ohman
1550 1193 1582 1218 et
1613 1187 1750 1217 Bahrain
1777 1187 2039 1228 cognominantur

241 1251 350 1297 (Ham.
379 1254 417 1287 Η,
455 1253 513 1291 1,).
566 1253 736 1282 Habebant
763 1261 889 1292 quoque
916 1261 1095 1292 cognomen
1122 1251 1403 1282 Jasaniticae
1431 1260 1449 1280 a
1476 1261 1552 1291 rege
1578 1250 1819 1290 Ilimjaritarum
1846 1250 2040 1281 Dsu-Jasan

238 1315 410 1356 appellatO.
462 1315 607 1345 Verbum
635 1311 703 1366 Cho
730 1313 910 1344 animalium
939 1323 1053 1343 vocem
1090 1314 1274 1353 frequenter
1309 1312 1496 1353 significans
1525 1313 1658 1341 multum
1693 1312 1723 1341 in
1750 1321 1867 1353 corvo,
1900 1321 1972 1342 raro
2009 1313 2039 1343 in

241 1378 312 1408 aliis
340 1378 454 1407 avibus
484 1377 659 1407 adhibetur.
689 1377 797 1407 Corvo
828 1376 973 1406 tribuitur
1000 1376 1030 1405 in
1058 1386 1157 1405 versu
1185 1380 1337 1414 sequente
1365 1372 1472 1418 (metr.
1501 1371 1658 1416 'rl1awil):
1690 1373 1820 1407 Eheu!
1849 1384 1867 1404 o
1895 1374 2036 1406 corve!

244 1440 313 1481 qui
348 1450 366 1470 e
402 1445 519 1470 terra
557 1444 708 1469 nostra
746 1438 1024 1469 vociferatur
1051 1448 1153 1467 sono
1189 1437 1259 1468 »³255
1295 1438 1337 1476 (i.
1367 1448 1395 1467 e.
1423 1437 1470 1467 ad
1511 1447 1642 1468 sanam
1683 1441 1862 1467 mentem
1898 1436 2037 1478 redil),

246 1512 453 1543 nunquam
481 1502 721 1532 vociferari
746 1496 942 1531 desinas!
976 1501 1095 1530 Verbis
1120 1497 1176 1530 zm
1202 1496 1279 1537 nul-L.)
1310 1500 1415 1529 »filiae
1443 1508 1565 1539 aquae«
1597 1499 1648 1528 alii
1675 1508 1755 1529 aves
1783 1499 1962 1540 aquaticae,
1989 1500 2041 1531 alii

242 1573 338 1594 ranas
366 1564 528 1605 designari
553 1568 713 1604 putarunt.
768 1563 876 1593 Sonus
905 1563 1088 1592 lancearum
1117 1568 1222 1592 autem
1250 1563 1279 1591 in
1309 1562 1519 1592 confodiendo
1547 1563 1683 1593 auditur.
1723 1562 1823 1592 Simili
1850 1562 1942 1592 modo
1960 1563 2041 1594 alius

245 1629 342 1665 poeta
377 1625 446 1654 soni
481 1627 511 1654 in
548 1624 759 1654 confodiendo
798 1629 830 1653 et
865 1623 1073 1663 percutiendo
1112 1624 1303 1654 mentionem
1338 1625 1412 1655 fecit
1449 1626 1558 1656 dicens
1593 1626 1702 1664 (metr.
1739 1625 1886 1665 Basith):
1924 1622 2041 1671 Gabali,

244 1689 339 1716 asu-2³9
373 1684 494 1731 'eijmssb
529 1687 650 1715 xxxam
691 1685 927 1717 Confossio
967 1690 1036 1715 est
1071 1696 1202 1716 sonus
1237 1688 1542 1728 reciprocatus
1577 1693 1618 1718 et
1651 1687 1875 1728 percussio
1911 1697 2041 1718 sonus

251 1751 502 1793 gladiorum.

249 1837 282 1866 4.
305 1837 424 1866 Domos
446 1833 598 1876 (eorum)
623 1845 694 1865 cum
716 1835 857 1864 domibus
878 1836 996 1863 nostris
1019 1836 1248 1864 com'anoeimus
1269 1839 1301 1864 et
1317 1835 1480 1872 patrueles
1502 1836 1606 1863 nostri
1622 1835 1707 1873 facti
1733 1837 1824 1868 sunt,
1855 1836 1900 1863 ita
1927 1837 1964 1864 ut
1990 1837 2044 1873 qud

951 1898 1004 1917 eos
1027 1890 1132 1927 iaciat,
1157 1898 1214 1916 uos
1235 1890 1339 1916 iaciat.

345 1957 445 1988 Suam
475 1962 605 1998 gentem
640 1957 775 1987 alteram
808 1956 839 1985 in
873 1957 1050 1987 clientelam
1083 1957 1245 1996 recepisse
1283 1960 1316 1986 et
1348 1965 1386 1986 se
1421 1965 1489 1985 cum
1518 1964 1557 1984 ea
1583 1954 1691 1984 intime
1723 1956 1932 1987 coniunxisse
1957 1956 2043 1987 dicit.

250 2019 305 2049 Sic
339 2019 369 2048 in
405 2029 506 2048 versu
542 2024 658 2058 poetae
693 2019 809 2056 (metr.
844 2018 986 2058 Wafir):
1027 2019 1127 2048 Eius
1167 2019 1334 2049 Cahbus
1374 2018 1560 2057 vespera
1595 2018 1676 2048 fuit
1713 2018 1884 2049 Cahbus
1919 2024 1960 2050 et
1995 2020 2043 2050 ob

253 2081 387 2112 odium
414 2081 550 2111 Cahbi
576 2081 717 2111 vocati
744 2085 861 2110 erant
887 2081 906 2109 i.
935 2090 962 2110 e.
991 2084 1080 2110 tanta
1107 2081 1273 2119 utriusque
1301 2080 1478 2110 coniunctio
1505 2079 1587 2120 fuit,
1612 2083 1648 2110 ut
1673 2090 1736 2110 non
1761 2081 1895 2121 amplius
1920 2081 2046 2112 nomina

255 2145 541 2186 distinguerentur.
594 2144 703 2174 Verba
740 2141 808 2173 tar.
835 2149 886 2183 φρ
919 2152 1029 2172 casum
1059 2144 1279 2172 accusativum
1306 2142 1507 2172 obtinuerunt-
1541 2146 1597 2173 aut
1623 2142 1707 2183 quod
1740 2143 1916 2182 praedicati
1943 2144 2044 2173 locum

255 2206 346 2236 verbi
376 2205 501 2248 thxffml
530 2210 642 2236 tenent
671 2205 801 2243 (Gram.
829 2206 885 2235 Ar.
916 2206 1008 2236 '1'.11.
1036 2215 1067 2245 p.
1089 2205 1164 2244 60.)
1193 2209 1247 2234 aut
1275 2209 1420 2243 tanquam
1445 2204 1616 2234 vocativus
1651 2204 1771 2242 (conf.
1799 2204 1871 2237 ibid.
1899 2214 1929 2244 p.
1956 2204 2044 2243 91.).

255 2269 348 2308 Quod
376 2269 404 2299 si
431 2278 513 2310 gens
541 2268 594 2298 illa
622 2268 688 2298 eius
715 2278 749 2298 rc
775 2277 856 2297 vera
881 2267 1046 2307 patrueles
1074 2271 1177 2307 erant,
1204 2265 1329 2296 nonnisi
1346 2265 1504 2304 posterior
1532 2265 1710 2305 explicandi
1737 2266 1848 2296 modus
1873 2265 2045 2296 admitten-

252 2329 313 2360 dus
342 2334 402 2360 est.

1010 2396 1288 2429 cxxxln.

697 2448 838 2483 uixit
859 2448 1058 2483 Hozain
1080 2449 1127 2482 1».
1150 2449 1366 2482 llomam
1388 2448 1618 2483 Mor-rita.

352 2523 402 2553 De
429 2522 488 2553 hoc
514 2523 583 2552 viro
611 2521 716 2552 conf.
737 2522 830 2551 Ham.
846 2530 875 2560 p.
891 2521 935 2550 W.
963 2520 1184 2550 Abu-llilalus
1199 2521 1391 2550 Homamum
1417 2519 1512 2551 filium
1528 2520 1662 2551 Rabiahi
1678 2521 1707 2551 b.
1724 2520 1840 2550 Masab
1868 2521 1896 2551 b.
1925 2521 2042 2551 Haram

252 2585 281 2615 b.
311 2584 454 2625 Wajilah
480 2585 508 2614 b.
537 2583 635 2614 Sahm
659 2584 687 2614 b.
715 2583 847 2614 Morrah
874 2583 904 2614 b.
932 2583 1022 2613 Auhf
1046 2583 1075 2613 b.
1104 2582 1193 2613 Sahd
1219 2583 1248 2613 b.
1277 2583 1422 2623 Dsobjan
1449 2584 1478 2617 b,
1505 2583 1650 2624 Baghidh
1676 2583 1861 2623 appellavit.
