2247 2865
994 88 1262 120 —300-

233 191 457 222 advenientem
487 190 666 221 exercitum
694 199 783 220 nemo
809 188 888 230 fuga
903 190 1029 218 evitare
1043 190 1156 229 potuit.
1187 189 1229 220 Ut
1241 199 1307 233 vox
1318 189 1431 228 varst
1444 192 1564 233 largam
1581 191 1722 231 pluviam
1737 191 1885 223 decidere
1900 193 2027 234 signifi-

236 260 297 293 cat,
322 255 370 284 sic
396 263 521 294 quoque
540 264 605 284 vox
622 258 712 300 way).
740 253 884 282 Huiusce
911 260 1030 281 sensus
1057 252 1198 293 augendi
1226 262 1324 287 causa
1351 259 1463 294 postea
1484 264 1598 285 vocem
1613 258 1690 300 ),)ὸ
1717 251 1857 293 addidit,
1876 259 1943 298 'nec
1968 264 2028 284 non

235 318 265 347 in
292 317 413 347 nomine
441 317 573 348 actionis
599 327 681 357 &jo
708 312 796 358 (nam
822 323 935 343 nomeu
962 324 1024 343 non
1052 310 1141 357 est),
1179 323 1261 354 quae
1296 316 1366 346 loco
1404 318 1495 347 vocis
1522 321 1558 360 ,o
1583 320 1653 357 est,
1694 316 1808 347 eadem
1835 315 2026 357 significatio

235 381 406 411 invenitur.
459 380 522 409 Alii
551 380 668 419 dicunt,
693 378 793 407 verba
820 373 933 413 cst->spi
960 382 994 407 et
1020 381 1092 421 vy.)
1122 387 1195 407 cum
1222 384 1385 424 vocefiy.)
1405 380 1629 421 coniungenda
1655 390 1744 420 esse,
1772 383 1806 409 ut
1820 384 1879 426 0⁸¹³)
1898 379 1980 418 0⁴23,
1997 374 2031 423 ΓΒ

239 446 400 475 »surrexit
425 448 456 472 et
481 442 565 472 sedit
591 440 730 471 Saidus«
762 439 883 469 dicatur
910 443 944 468 et
971 448 1083 469 vocem
1097 445 1174 485 )„0
1200 440 1317 470 bellum
1345 442 1533 481 sanguinem
1548 443 1640 483 large
1654 441 1822 472 effundens
1837 440 2030 481 significare.

236 509 270 538 In
297 506 531 548 significatione
557 504 648 534 vocis
668 509 739 548 )>)⁰
764 503 861 543 igitur
888 511 983 532 causa
1010 502 1169 533 cernenda
1195 508 1256 543 est,
1284 513 1339 533 cur
1366 504 1464 533 verbo
1491 504 1628 534 feminini
1658 504 1758 534 forma
1774 504 1850 534 data
1865 503 1917 533 sit.
1945 503 2030 532 Sunt

236 571 342 607 etiam,
368 568 420 608 qui
447 567 566 607 dicant,
593 566 725 595 verbum
744 563 856 601 :2225
877 565 1010 594 eandem
1037 563 1303 605 significationem
1330 565 1459 603 habere,
1488 576 1580 606 quam
1608 565 1733 606 vot-Q
1762 571 1798 597 ut
1824 573 1938 596 sensus
1965 565 2027 594 sit:

237 634 393 665 Liberalis
419 636 472 662 est
496 632 587 672 large
614 631 756 670 pluviam
781 629 932 659 emittens
960 632 992 658 et
1018 628 1108 668 large
1135 636 1234 666 super
1263 635 1321 658 eos
1358 628 1469 658 emittit
1506 629 1606 658 instar
1640 629 1769 668 pluviae
1807 629 1898 659 nubis
1934 632 2028 657 tene-

232 711 351 739 brosae
381 711 415 737 et
438 707 536 737 instar
561 706 691 746 pluviae
718 704 808 734 nubis
837 708 1022 733 nocturnae.
1051 702 1136 732 Sunt
1156 702 1305 744 denique,
1333 703 1384 742 qui
1403 698 1493 740 ‘nidd-m
1507 686 1591 743 ussayo
1606 703 1727 744 legant.
1757 702 2030 742 Abu—Rijaschus

236 771 326 809 dixit,
353 773 482 810 poetam
507 770 580 798 voci
604 778 688 808 *ayo
708 766 889 797 femininum
916 775 1021 807 genus
1048 765 1212 806 tribuisse,
1242 765 1324 805 quod
1353 765 1475 796 fluxum
1502 775 1597 796 unum
1624 766 1876 796 vehementioris
1904 764 2031 805 pluviae

236 830 380 874 (mcxii)
409 834 589 872 exprimere
616 830 764 861 voluerit.

235 945 266 975 5.
289 944 346 974 Ille*
366 947 469 973 aulem
491 943 548 972 sub
569 951 670 980 parra
692 943 761 970 eius
776 940 936 978 yrundine
957 939 1053 969 celeri
1073 950 1172 970 cursu
1195 944 1284 978 {crya
1305 943 1484 975 verterunt,
1517 941 1591 970 dum
1610 939 1713 978 aladii
1733 939 1855 978 Indici,
1886 939 1960 967 duri
1980 947 2031 967 eoa

1007 995 1260 1031 prosternebant.

334 1068 370 1097 In
404 1074 504 1096 versu
541 1064 811 1104 comparationem
848 1063 940 1092 nubis
976 1072 1038 1092 non
1072 1063 1221 1094 amittens
1258 1064 1499 1104 Ilimjaritarum
1535 1063 1642 1105 sugam
1683 1064 1841 1094 describit.
1908 1063 2034 1100 Nubes,

236 1132 360 1172 qualem
388 1133 418 1160 in
444 1129 610 1168 superiore
636 1127 864 1166 descripserat,
892 1125 1081 1166 grandinem
1110 1130 1173 1155 tam
1201 1136 1332 1165 parvam
1362 1137 1455 1166 quam
1484 1137 1633 1168 magnam
1650 1127 1799 1157 demittit.
1832 1126 1912 1157 Cum
1932 1136 2030 1166 parva

235 1195 333 1234 igitur
359 1191 513 1233 grandine
539 1190 698 1229 sagittaS,
734 1197 805 1217 cum
842 1196 956 1226 magna
983 1187 1095 1217 hastas
1124 1188 1313 1228 gladiosque
1343 1189 1485 1218 contulit.
1539 1189 1729 1228 Himjaritae
1757 1188 1912 1229 grandine
1940 1188 2032 1218 nubis

234 1264 337 1295 parva
364 1252 510 1292 percussi
536 1251 645 1280 statim
673 1251 703 1279 in
732 1250 839 1290 fugam
867 1258 904 1278 sc
931 1249 1135 1279 coniecerant
1163 1259 1223 1278 non
1252 1255 1484 1289 exspectantes
1512 1251 1674 1291 grandinis
1704 1259 1840 1291 magnae
1863 1250 1881 1279 i.
1902 1260 1929 1279 e.
1959 1249 2033 1290 gla—

235 1316 357 1346 diorum
384 1319 417 1345 et
443 1314 605 1344 hastarum
631 1313 814 1342 adventum.
868 1311 1078 1340 Nihilominus
1106 1319 1185 1339 vero
1214 1310 1373 1351 fugientes
1401 1310 1495 1351 gladii
1524 1315 1776 1350 prostraverunt.
1834 1311 1908 1340 Vox
1935 1308 2036 1342 hii-Ias

235 1379 429 1410 scholiastae
446 1386 578 1416 parvam
596 1375 795 1416 grandinem,
811 1383 894 1414 qnae
911 1374 1017 1412 pluvia
1035 1377 1176 1412 putatur,
1198 1372 1364 1413 designat3
1396 1372 1587 1412 Djeuharius
1607 1377 1713 1403 autem
1733 1372 1862 1412 pluviae
1882 1372 2032 1402 diversos

235 1441 356 1482 gradus
384 1440 582 1479 describens,
610 1447 723 1467 vocem
753 1436 973 1466 tenuissimam
1002 1435 1141 1474 pluviam
1169 1445 1245 1464 esse
1272 1436 1361 1465 dixit.
1404 1437 1495 1466 Voce
1525 1434 1618 1479 helfa,
1648 1445 1707 1475 qua
1736 1439 1839 1465 status
1867 1436 1958 1465 verbi
1978 1432 2031 1476 25>

236 1503 447 1542 describitur,
487 1511 542 1532 eos
577 1503 721 1531 timorem
757 1499 976 1538 concipientes
1012 1498 1040 1527 in
1068 1498 1146 1538 fuga
1173 1498 1349 1527 festinasse
1378 1498 1506 1527 indicat.
1562 1497 1751 1537 tlimjaritae
1777 1502 1884 1526 autem
1912 1506 1930 1526 a
1957 1507 2034 1536 per-

236 1567 446 1606 sequentibus
481 1575 500 1594 a
536 1569 627 1603 tergo
663 1563 822 1593 vulnerati
862 1562 891 1591 in
931 1561 1044 1591 faciem
1082 1560 1250 1599 procidere
1284 1558 1429 1602 (ρέςῼᾞ
1470 1570 1551 1599 quae
1589 1570 1641 1590 res
1680 1560 1796 1601 gladiis
1833 1560 2033 1590 adscribitur.

237 1628 372 1659 Gladios
389 1628 512 1657 Indicos
540 1629 571 1656 ct
598 1626 730 1665 chalybe
758 1625 922 1659 confectos
953 1634 1029 1653 esse
1051 1624 1141 1664 dixit,
1170 1624 1285 1662 quippe
1306 1623 1359 1662 qui
1387 1622 1483 1664 gladii
1511 1622 1619 1661 optimi
1647 1623 1722 1652 sint.
1750 1619 1967 1662 Vno-imagi,
1984 1623 2034 1652 cui

236 1700 349 1721 vocem
360 1688 489 1730 &WB
504 1689 616 1723 addas,
646 1687 802 1727 duplicem
825 1686 1013 1717 scholiastes
1031 1684 1298 1726 significationem
1316 1684 1424 1713 tribuit
1439 1689 1491 1713 aut
1512 1688 1579 1714 arte
1605 1684 1711 1714 Indica
1735 1683 1953 1713 confectorum
1981 1689 2035 1713 aut

236 1752 410 1793 gladiorum
436 1752 611 1782 Indicorum
638 1750 789 1789 ipsorum.
851 1748 1083 1779 Grammaticus
1111 1747 1351 1785 Abu-Ahmru
1379 1746 1475 1786 dixit,
1513 1746 1644 1776 verbum
1670 1749 1740 1774 ..ΜΦ
1765 1745 2033 1785 significationem

236 1814 415 1844 acuendi
447 1814 576 1845 habere.
631 1813 705 1842 Vox
723 1809 788 1856 553>
815 1811 1035 1849 chalybem
1063 1809 1224 1850 designat.
1277 1810 1311 1838 In
1350 1814 1461 1839 nostro
1501 1818 1580 1838 vero
1616 1817 1714 1838 versu
1750 1813 1799 1837 est
1837 1812 1889 1837 aut
1919 1817 2034 1837 nomon

236 1876 362 1916 gladios
388 1875 522 1915 chalybe
552 1874 715 1905 confectos
747 1874 932 1915 designans,
961 1878 994 1902 ut
1023 1875 1115 1902 vocis
1142 1870 1248 1912 Ξαλμὶ
1279 1872 1459 1910 appositum
1485 1873 1547 1911 sit,
1574 1875 1630 1900 aut
1654 1870 1861 1900 adiectivum.
1890 1869 2033 1910 Djeuha-

238 1939 302 1969 rius
321 1934 386 1982 :sti
411 1949 501 1975 Q
526 1938 703 1967 adnotavit.

288 2021 304 2026 -
337 2001 413 2030 Post
450 2000 531 2030 hanc
570 2000 690 2029 cladem
722 1998 912 2037 Himjaritae
948 1997 1138 2038 congregati
1173 1997 1327 2027 'l'aimitas
1366 1995 1510 2044 vicerunt
1537 2003 1659 2034 eosque
1697 1995 1811 2034 partim
1841 1993 2034 2035 occiderunt,

238 2064 351 2101 partim
379 2062 409 2091 in
436 2061 654 2100 captivitatem
682 2060 892 2091 abduxerunt.
947 2061 996 2089 Ex
1023 2060 1073 2089 his
1102 2060 1181 2089 alios
1210 2062 1399 2099 casti-arunt,
1433 2059 1532 2088 alios»
1551 2067 1722 2088 servorum
1749 2058 1819 2087 loeo
1848 2057 2034 2087 habuerunt.

237 2125 305 2155 Hos
332 2124 435 2154 denuo
463 2124 684 2154 Aladhbathus
712 2124 740 2153 b.
768 2122 908 2160 Koraih,
946 2123 998 2161 qui
1027 2123 1170 2153 Zanaam
1210 2123 1408 2162 invasisset,
1436 2122 1573 2151 liberans
1600 2121 1630 2150 in
1658 2120 1844 2159 Himjaritas
1872 2124 2037 2160 grassatus

237 2191 299 2217 est.
351 2186 454 2216 Poeta
480 2185 585 2225 Djerir
612 2186 819 2216 'l'aimitarum
854 2186 1074 2224 captivitatem
1106 2186 1187 2215 inter
1221 2185 1410 2224 Himjaritas
1448 2185 1477 2213 in
1516 2193 1618 2212 versu
1654 2187 1810 2221 sequente
1848 2181 2036 2212 memoravit

238 2249 366 2280 dicens:
394 2249 505 2287 (metr.
532 2247 663 2285 Basith)
692 2248 806 2278 Gens
834 2248 945 2278 'I'aim
973 2253 1014 2277 te
1041 2252 1185 2288 vocat,
1215 2246 1303 2277 dum
1337 2247 1374 2275 in
1407 2246 1521 2276 vicis
1549 2245 1717 2275 Sabaae
1743 2245 1930 2284 captiva
1956 2247 2034 2272 est.

238 2313 337 2342 Eius
364 2317 498 2342 autem
527 2311 642 2342 colla
668 2312 779 2341 cutis
806 2311 924 2340 boum
953 2309 1201 2348 (vinculum)
1230 2308 1460 2338 momordit.
1524 2307 1660 2344 Quidam
1687 2312 1784 2346 poeta
1811 2307 1917 2347 gentis
1945 2305 2033 2334 'l'aim

237 2373 386 2413 captivus
413 2372 498 2413 apud
524 2383 633 2414 regem
660 2373 877 2402 lemanensem
907 2377 1024 2412 gentes
1052 2371 1174 2400 'ramim
1203 2376 1235 2400 et
1264 2370 1421 2401 Dhabbah
1451 2371 1650 2409 vituperavit
1677 2374 1708 2400 et
1735 2368 1776 2400 ad
1802 2368 1951 2400 auxilium
1983 2367 2033 2397 se-

223 2435 366 2469 ⁴rendum
394 2437 593 2466 excitaturus
621 2435 716 2464 dixit:
746 2434 854 2473 (matr.
883 2434 1012 2471 Camel)
1041 2432 1100 2462 Ad
1129 2433 1420 2463 Mohallemuin
1447 2429 1546 2474 (conf.
1572 2431 1714 2462 Meidani
1733 2431 1826 2470 app.)
1853 2439 2031 2469 posses-

237 2497 414 2537 sorem¹J
437 2499 656 2537 potentiae
684 2500 723 2527 et
750 2496 923 2526 honoris
951 2498 1124 2525 veteris
1152 2494 1258 2534 apud
1286 2500 1327 2524 te
1354 2495 1540 2525 nuntium
1570 2493 1711 2533 perfer
1737 2497 1776 2522 et
1803 2491 1851 2521 ad
1878 2491 2034 2522 Aladh·

255 2586 286 2619 1)
304 2589 333 2611 In
353 2588 445 2612 codiee
464 2587 495 2612 dc
514 2589 597 2618 Sacy.
618 2575 652 2612 lo.)
679 2587 779 2618 legitur
791 2590 818 2611 ut
829 2586 889 2611 voci
903 2578 985 2613 Lod-5⁴³
996 2586 1111 2616 adpositi
1123 2586 1185 2610 loco
1196 2586 1239 2610 sit.
1260 2587 1318 2610 Ηυο
1332 2585 1409 2610 alteri
1422 2586 1447 2609 in
1461 2585 1553 2610 codice
1563 2584 1668 2615 legendi
1686 2584 1764 2607 modo
1777 2583 1977 2613 praeferendum
1989 2587 2038 2607 est·
