2247 2865
990 99 1160 130 —v347
1213 116 1257 122 —

227 202 474 242 separatio
500 202 691 234 difficile
718 210 823 232 onus
851 200 931 231 tibi
957 200 1181 239 imposuit3
1221 200 1357 230 alterum
1384 205 1510 240 poetam
1537 210 1613 231 esse
1642 202 1839 234 Buschamah
1867 204 1895 234 b.
1922 204 2014 235 Hasn

226 264 496 305 Nahschalitam,
535 264 584 294 cui
619 264 782 294 Hamasae
816 271 946 292 carmen
983 262 1180 292 tribuendum
1215 263 1267 293 sit.
1327 263 1386 293 Vir
1420 263 1557 294 Alamidi
1580 263 1607 302 ¹)
1644 265 1825 304 appellatus
1859 266 1949 297 alteri
1985 267 2014 297 id

228 325 391 356 adscribit.

234 423 258 452 1.
282 423 350 453 Iam
371 432 429 460 pro
448 425 543 460 yeme
560 420 694 459 Gln'ndis
704 422 834 459 eiusque
846 420 944 449 Kaisa
967 422 1070 450 iratus
1093 431 1149 459 eya
1170 431 1267 460 eram,
1290 432 1385 460 quum
1407 425 1475 453 ei'us
1497 434 1584 462 spem
1603 424 1755 464 fallenteo
1777 427 1841 463 ipsi
1858 427 2017 456 auxilium

940 476 1028 513 ferre
1050 477 1303 504 inlermisissent.

326 543 372 575 Se
398 543 487 584 genti
513 542 643 573 Chindif
665 548 699 573 ct
725 544 804 573 Kais
833 544 852 573 i.
881 554 908 573 e.
937 544 1058 574 duabus
1096 545 1238 584 partibus
1277 544 1384 584 gentis
1412 544 1547 574 Modhar
1579 545 1729 576 auxilium
1756 547 1872 577 tulisse
1898 553 2017 585 narrat,

230 606 304 637 dum
341 606 412 647 alii,
450 605 481 636 in
517 616 578 646 qua
613 616 702 645 spem
737 607 918 647 posuerint,
959 616 1028 636 eam
1062 608 1275 646 reliquissent.
1331 606 1462 638 Cliindif
1491 617 1671 648 cognomen
1698 614 1768 638 erat
1796 613 1862 653 (p,
1886 614 2018 656 191.)

231 668 365 709 Lailae,
393 669 503 698 uxoris
530 669 642 705 Eliasi,
670 668 724 698 filii
751 668 886 699 Modhar
912 669 940 699 b.
969 670 1079 698 Nisar.
1133 668 1318 710 Cognomen
1345 670 1384 699 ob
1413 669 1512 700 verba
1538 670 1647 700 marito
1675 679 1735 699 suo
1763 670 1865 701 dicta:
1894 670 1966 720 μὶ)-
1995 670 2020 700 la

231 727 340 775 „5555
364 728 392 768 3
422 730 556 763 aeusi
603 731 696 761 Non
722 731 887 761 cessavi
926 731 1124 761 celeriter
1163 730 1384 761 incedere
1409 731 1602 771 vestigia
1631 736 1784 762 vestra
1817 743 2018 773 sequens

231 794 357 833 accepit
385 792 426 833 ²).
487 793 579 824 Gens
614 793 752 823 Modhar
785 793 816 822 in
851 793 931 823 dnas
963 800 1072 833 partes
1109 793 1214 823 divisa
1249 798 1320 831 est,
1361 803 1489 832 quarum
1524 803 1586 823 una
1621 795 1742 833 posteri
1777 795 2019 827 Kais-Aihlani

229 852 455 899 (Ebu-Kotaib
483 865 512 894 p.
528 851 615 898 92),
642 855 743 885 altera
770 855 891 894 posteri
906 854 1072 884 Chindisae
1097 859 1197 884 erant.
1226 856 1378 894 Narrant,
1407 856 1562 896 quendam
1590 861 1734 896 tempore
1751 858 1877 888 Sobairi
1903 859 2020 889 iniuste

232 922 401 948 tractatum
429 918 606 948 clamasse:
641 918 764 950 &aab
790 915 828 953 &b
869 917 941 947 »Ad
967 919 1117 948 auxilium
1154 919 1229 949 veni
1255 928 1337 958 gens
1366 916 1532 949 Chindis!«
1588 917 1680 956 Quae
1706 920 1807 950 verba
1833 930 1928 960 quum
1954 921 2021 951 So-

233 981 340 1011 bairus
366 979 509 1018 audiret,
547 980 683 1021 gladium
710 990 801 1010 manu
829 983 985 1010 tenentem
1013 980 1170 1020 prodiisse
1197 985 1230 1011 et
1253 980 1396 1011 dixisse:
1434 976 1570 1022 Apage!
1607 987 1814 1022 properanter
1839 983 1973 1022 incede,
2002 993 2020 1013 o

238 1047 450 1081 properanter
476 1038 652 1072 incedens!
680 1052 737 1082 per
763 1040 885 1072 Deum!
914 1042 942 1071 si
968 1042 1080 1072 iniuria
1104 1042 1213 1072 laesus
1240 1051 1287 1084 es,
1313 1043 1464 1073 auxilium
1492 1043 1546 1073 tibi
1572 1039 1767 1083 praestabo!

233 1140 267 1169 2.
288 1139 415 1169 Earum
436 1139 606 1177 dignitates
627 1140 755 1179 defendi
761 1161 771 1178 ‚
803 1142 869 1169 tum
898 1149 953 1169 eas
984 1141 1084 1168 tuitus
1112 1149 1183 1169 sum
1213 1143 1244 1168 et
1272 1140 1360 1178 apud
1382 1150 1432 1169 me
1458 1142 1491 1169 in
1510 1140 1586 1169 linio
1607 1141 1705 1170 simili
1723 1141 1802 1171 bello
1825 1142 1900 1171 huie
1921 1142 2024 1172 simile

1011 1191 1169 1222 auxilium
1190 1196 1247 1222 est.

337 1261 501 1291 Describit
526 1262 558 1291 in
583 1260 646 1291 hoc
671 1269 792 1302 versu,
825 1260 878 1300 qui
914 1270 985 1291 cum
1017 1261 1228 1292 antecedente
1265 1262 1436 1305 cohaeret,
1474 1263 1553 1294 iram
1584 1273 1676 1294 suam
1713 1269 1747 1295 et
1775 1264 1892 1305 agendi
1923 1266 2025 1296 ratio-

235 1333 309 1354 nem
344 1333 387 1353 ex
413 1333 452 1353 ea
487 1328 598 1354 ortam.
651 1324 779 1354 Versus
809 1328 916 1354 autem
942 1332 1017 1363 pars
1044 1324 1203 1363 posterior
1229 1323 1379 1364 ambigua
1410 1329 1472 1353 est.
1523 1324 1654 1363 Triplex
1681 1325 1709 1355 ei
1735 1334 1852 1356 sensus
1879 1325 2026 1356 tribuitur

237 1390 307 1416 aut
332 1385 364 1415 in
389 1385 419 1416 ei
444 1385 600 1416 similibus
626 1385 777 1427 gentibus
804 1385 903 1416 simile
933 1386 994 1416 erit
1020 1387 1170 1417 auxilium
1198 1391 1271 1417 aut
1306 1387 1337 1416 in
1376 1386 1471 1416 simili
1507 1387 1625 1417 auxilio
1663 1388 1738 1418 huic
1770 1388 1873 1418 simile
1899 1397 2026 1418 carmen

236 1447 298 1478 erit
323 1451 398 1477 aut
423 1447 454 1476 in
490 1447 583 1477 simili
608 1446 691 1477 bello
718 1447 821 1478 simile
847 1447 997 1478 auxilium
1025 1449 1095 1479 erit.

235 1544 270 1574 3.
297 1543 356 1573 Vir
378 1553 435 1581 eqo
455 1553 542 1580 sum,
577 1546 632 1582 qui
658 1546 692 1573 in
720 1545 914 1573 carminibus
942 1543 1085 1573 hostibus
1111 1545 1239 1581 siynum
1257 1546 1355 1583 facit,
1386 1553 1461 1574 nam
1488 1547 1628 1583 pessima
1657 1549 1735 1574 sunt
1754 1548 1916 1581 carmina,
1948 1556 2029 1585 quae

1023 1600 1116 1635 siquo
1138 1601 1255 1627 carenl.

362 1668 525 1699 Versuum
565 1667 702 1707 priorum
739 1667 862 1697 ratione
900 1667 1009 1697 habita
1045 1668 1156 1697 verbis
1193 1667 1328 1697 maxime
1370 1672 1479 1706 aptum
1505 1677 1635 1698 sensum
1663 1677 1740 1698 esse
1771 1673 1862 1709 puto,
1900 1674 2029 1708 poetam

241 1731 377 1761 carmina
403 1740 461 1761 sua
487 1730 594 1768 sactis,
621 1740 684 1759 non
705 1730 850 1760 inanibus
876 1730 986 1760 verbis
1013 1739 1207 1769 componere
1233 1734 1267 1760 et
1292 1739 1461 1771 exornare,
1488 1735 1523 1760 ut
1549 1731 1681 1770 quilibet
1706 1731 1815 1761 statim
1842 1736 2029 1772 cognoscat,

238 1802 276 1824 se
302 1793 450 1824 carminis
477 1797 638 1823 auctorem
664 1802 753 1823 esse.
805 1792 1008 1822 Abu-l’Ahla
1035 1792 1124 1832 dixit,
1151 1801 1283 1822 sensum
1309 1801 1397 1830 esse,
1424 1802 1460 1822 se
1484 1793 1610 1832 signum
1639 1793 1767 1823 carmini
1794 1803 1853 1823 suo
1870 1794 2029 1836 intexere,

241 1863 284 1884 ex
310 1863 384 1893 qu0,
411 1858 447 1884 ut
477 1864 520 1884 ex
547 1855 641 1895 signo
670 1854 772 1885 inusto
797 1854 949 1895 camelus,
977 1858 1242 1894 cognosceretur.
1295 1854 1414 1884 Poetas
1442 1859 1548 1884 autem
1575 1856 1622 1885 sui
1649 1856 1802 1895 temporis
1830 1856 1860 1886 in
1886 1857 2031 1888 homoio-

243 1916 364 1947 teleuto
396 1926 509 1947 nomen
534 1917 595 1947 viri
624 1917 743 1946 laudati
768 1916 947 1947 inseruisse
980 1916 1074 1946 simili
1103 1915 1219 1956 modo,
1257 1924 1319 1956 quo
1354 1921 1450 1954 poeta
1478 1916 1642 1947 Alaliseha
1672 1918 1703 1947 in
1736 1927 1838 1948 versu
1872 1925 2029 1958 sequente

250 1980 365 2010 fecerit
398 1980 506 2018 (metr.
534 1979 702 2018 Thau-io:
744 1979 905 2020 Iuravi⁷
940 1988 1002 2009 me
1036 1978 1131 2008 eius
1159 1978 1420 2017 (camelae)
1457 1979 1769 2011 misericordia
1806 1981 2032 2012 adfectum

243 2042 359 2082 (non)
390 2043 437 2072 iri
479 2047 550 2072 aut
583 2042 631 2072 ob
669 2042 971 2073 lassitudinem
1004 2046 1073 2073 aut
1107 2043 1159 2072 ob
1185 2041 1313 2082 pedes
1347 2046 1626 2084 attenuatoS,
1663 2043 1801 2074 donec
1842 2044 2032 2075 Moham-

242 2104 350 2135 medi
382 2114 479 2136 occu
490 2101 627 2147 rrat3).
679 2104 820 2135 Veteres
859 2108 966 2135 autem
994 2108 1111 2143 poetae
1137 2104 1222 2134 hunc
1249 2104 1441 2144 peculiarem
1468 2104 1593 2134 modum
1620 2106 1724 2136 secuti
1752 2115 1814 2135 non
1844 2110 1938 2146 sunt,
1973 2107 2033 2135 viri

244 2166 364 2197 laudati
392 2169 581 2197 mentionem
609 2166 702 2196 modo
731 2166 911 2206 facientes,
945 2166 1038 2197 modo
1066 2177 1129 2198 non
1153 2168 1321 2208 facienteS,
1347 2172 1381 2198 ut
1407 2167 1438 2197 in
1463 2167 1657 2208 Nabeghahi
1681 2177 1782 2198 versu
1810 2169 1918 2207 (metr.
1945 2168 2033 2197 Tha-

243 2225 334 2270 wil):
363 2228 656 2258 Obliteratus
685 2233 755 2258 est
779 2228 896 2258 locus
923 2229 1220 2269 Dsu-Hosan,
1243 2230 1420 2259 abeunte
1447 2228 1645 2259 Fartana
1671 2234 1715 2259 et
1739 2227 1971 2259 Alfawarih
1990 2226 2034 2268 4),

266 2312 296 2342 1)
315 2311 489 2336 Grammatici
509 2318 669 2343 cognomen,
687 2312 731 2343 qui
748 2319 844 2337 nomen
862 2313 1057 2338 Abu—I'Kasem
1075 2315 1167 2338 Busan
1186 2315 1210 2338 b.
1229 2313 1348 2337 Basehar
1365 2318 1466 2344 gerens
1482 2318 1555 2336 anno
1574 2313 1625 2336 371
1647 2312 1712 2336 diem
1731 2311 1804 2336 obiit.
1828 2310 1907 2335 conr.
1925 2310 2034 2335 Anthol.

314 2356 431 2380 Gramm.
449 2364 473 2387 p.
494 2357 553 2380 131.

262 2410 296 2439 2)
317 2411 369 2434 Res
388 2411 413 2434 in
432 2411 543 2434 Kamusi
562 2416 644 2441 opere
661 2412 711 2435 sub
728 2413 819 2437 radice
835 2409 958 2440 uso-Isi>
986 2413 1110 2445 pluribus
1128 2416 1239 2439 narrata
1257 2418 1309 2437 est.

273 2461 307 2495 3)
326 2463 529 2488 observandum
549 2467 601 2495 est,
619 2465 644 2488 in
663 2465 714 2489 boc
732 2471 812 2490 versu
832 2467 951 2490 sutnrum
969 2467 1116 2492 Nasbatum
1135 2474 1188 2492 non
1206 2468 1281 2498 sequi
1299 2468 1371 2491 conf.
1391 2469 1482 2494 Grnm.
1500 2468 1547 2492 Ar.
1567 2467 1596 2491 Τ.
1615 2467 1650 2491 11.
1668 2473 1693 2496 p.
1710 2466 1747 2490 24
1764 2472 1804 2496 sq.

263 2517 294 2548 4)
313 2517 377 2541 Vox
393 2509 518 2563 gjju'ss
537 2525 598 2543 cum
619 2524 684 2543 voce
702 2524 804 2560 sm>
816 2513 857 2554 ,ὁ
873 2520 1065 2552 coniungenda
1081 2524 1138 2553 est3
1157 2528 1225 2552 quae
1243 2521 1353 2545 nomina
1370 2521 1494 2546 locorum
1512 2523 1575 2544 sunt
1593 2520 1681 2544 cons.
1699 2520 1793 2544 Kam.
1810 2520 1930 2544 Fui-uma
1948 2522 2035 2544 autem

317 2572 415 2592 nomen
433 2568 554 2592 mulieris
572 2572 624 2593 est.
659 2570 688 2592 ln
708 2567 800 2593 codice
817 2575 868 2593 suo
887 2571 980 2594 beatus
998 2572 1030 2594 de
1047 2572 1156 2602 saeyus
1173 2571 1239 2603 legit
1257 2560 1372 2615 &ba-ab
1385 2587 1393 2595 .
