2247 2865
955 101 1220 132 -271-

193 198 306 229 vitium
332 198 393 230 hoc
419 207 505 230 esse.
555 198 643 230 Idem
676 207 800 239 quoque
832 199 945 230 vitium
973 201 1004 231 in
1030 200 1139 230 verbis
1167 204 1282 239 poetae
1311 201 1497 233 Alnhsclme
1528 203 1649 233 invenit
1676 205 1783 244 (metr.
1813 207 1977 247 Thurin:

173 260 277 309 'Viri
304 265 434 292 noctu
460 260 511 292 ad
546 266 588 292 te
614 261 651 300 (ο
678 259 851 301 femina)
885 261 969 291 iter
1009 262 1239 304 facientis,
1279 264 1367 295 dum
1406 266 1582 298 deserta
1611 269 1712 307 aquit
1751 270 1978 310 incolisque

193 322 390 353 carentia
417 327 459 353 et
486 321 619 362 ampli
646 325 813 352 tractus
842 322 1002 355 deserti
1029 334 1117 355 eum
1144 332 1366 369 separant,
1394 328 1494 359 voci
1522 330 1785 369 respondens
1805 337 1978 372 oportet

192 383 417 425 sciasque,
443 383 648 424 periculis
675 383 903 415 liberatum
931 395 949 416 a
979 387 1066 416 Deo
1094 387 1275 427 adjutum
1303 399 1425 432 esse,
1460 402 1528 422 nam
1557 394 1655 423 verba
1681 391 1774 434 ⁵:590}
1802 399 1978 440 &aa-§M

195 455 266 477 rum
293 446 401 477 verbis
429 443 535 487 nai-²918
557 443 646 491 Oka-ll
673 444 714 492 Οἳ
740 456 803 477 non
831 457 1011 490 congruere
1037 447 1171 495 (sensu)
1197 457 1298 491 putat.
1350 453 1451 484 Hisce
1476 460 1582 486 nutem
1607 457 1757 487 versibus
1776 466 1833 487 cur
1857 456 1919 488 hoc
1946 458 1977 488 in

190 509 270 541 libro
296 510 387 541 locus
415 519 594 541 concessus
619 511 675 552 sit,
702 520 764 541 non
791 511 897 542 video.

955 607 1187 642 xcwnn.

187 670 330 707 Anus
351 671 555 714 quinam
577 672 700 708 dixit
724 674 1168 716 (Abu-Rijnsehus
1191 674 1298 708 vtro
1322 684 1349 708 e
1371 677 1564 718 gentem
1588 676 1717 712 Thai
1761 678 1828 720 (p.
1852 678 1976 721 ¹5⁸2.)

880 737 1050 762 versus
1073 728 1283 767 trinum.

189 795 215 824 1.
237 794 486 826 Contnneliosae
508 797 748 832 contenderunt,
772 798 911 827 camelae
934 796 1093 835 Djondohi
1114 799 1146 826 in
1168 798 1349 835 reqiom'hns
1373 808 1475 838 aquae
1497 798 1601 830 chub!
1621 800 1701 830 sella
1723 801 1864 839 deposita
1885 804 1976 841 quie-

896 855 957 881 !em
980 860 1166 881 concessam
1187 863 1265 882 esse.

282 918 407 950 Poetae
435 919 567 951 feminas
593 920 816 960 vituperantes
844 929 946 960 saepe
972 921 1177 952 introducunt
1203 921 1310 953 conf.
1337 922 1491 953 Hamas
1522 933 1552 963 p.
1580 926 1616 953 ⁸0·
1643 934 1675 954 v.
1703 925 1734 957 2.
1763 934 1792 964 p.
1821 928 1854 955 lvl
1881 935 1913 957 v.
1942 926 1973 956 4.

184 979 287 1010 Poeta
313 990 351 1011 se
381 981 523 1012 defendit
548 987 661 1013 contra
688 983 823 1014 feminas
852 984 956 1023 ipsum
983 983 1230 1023 vituperatiteS‚
1271 984 1355 1025 quod
1391 985 1487 1024 quieti
1519 986 1689 1027 indulgens
1717 988 1756 1017 ab
1783 988 1894 1018 itinere
1921 988 1971 1018 in-

184 1047 302 1082 coepto
316 1042 482 1073 destiterit.
509 1044 584 1074 Non
597 1046 780 1086 generalem
794 1045 1060 1085 vituperationem
1076 1048 1230 1086 prolatam
1249 1056 1336 1085 esse,
1366 1057 1407 1077 ex
1423 1057 1461 1077 eo
1480 1048 1638 1078 coniicere
1652 1049 1739 1089 licet,
1766 1049 1848 1088 quod
1877 1055 1972 1089 poeta

183 1105 214 1134 in
242 1104 303 1135 hoc
332 1115 432 1136 versu
459 1105 521 1136 loci
551 1107 672 1146 ehabt,
709 1108 741 1138 iu
773 1114 930 1148 sequente
965 1114 1073 1139 nutem
1100 1109 1263 1139 Kadosiae
1299 1109 1492 1138 mentionem
1533 1109 1655 1140 feeerit.
1720 1109 1824 1140 Chabt
1859 1120 1974 1141 nomeu

183 1177 285 1207 aquae
310 1168 342 1198 in
367 1169 498 1209 regione
525 1172 630 1210 gentis
655 1169 735 1200 Calb
761 1172 846 1200 sitae
874 1180 950 1201 esse
976 1171 1109 1213 scimus,
1139 1181 1272 1211 eamque
1299 1172 1329 1201 in
1356 1171 1422 1211 via,
1450 1181 1531 1210 quae
1558 1171 1729 1202 lindesiam
1757 1172 1839 1203 ducit
1863 1172 1974 1212 fuisse,

183 1240 225 1260 ex
253 1236 410 1271 sequente
435 1241 536 1263 versu
563 1233 654 1273 sequi
680 1233 818 1264 videtur.
871 1235 1013 1266 Verbum
1038 1246 1133 1279 φὴς
1160 1233 1339 1273 (denudata
1366 1234 1453 1274 fuit),
1481 1233 1542 1264 hoc
1569 1234 1714 1265 inversu
1741 1234 1780 1266 de
1803 1235 1886 1265 sella
1913 1235 1973 1265 de-

183 1295 291 1334 posita
321 1295 496 1327 adhibitum
531 1302 594 1327 est.
655 1297 787 1328 Vocalis
822 1298 928 1327 Kesra
965 1296 996 1327 in
1030 1297 1094 1327 fine
1128 1297 1222 1327 vocis
1257 1300 1386 1334 eru->pl
1421 1297 1460 1326 ob
1497 1303 1634 1328 metrum
1668 1297 1972 1329 homoioteleutum-

183 1366 243 1396 que
269 1360 329 1387 est.

182 1455 214 1484 2.
237 1453 488 1484 contumeliosae
508 1457 656 1484 mentitae
676 1458 761 1485 etant.
803 1455 843 1484 δι’
862 1458 895 1484 in
920 1455 986 1485 Ioco
1009 1455 1151 1485 Kadosia
1173 1457 1287 1494 quietis
1308 1455 1412 1485 locum
1437 1459 1581 1485 nostrum
1604 1456 1770 1492 adissent,
1792 1456 1971 1486 dim'esent:

525 1508 747 1538 Perseverat-it
769 1510 802 1537 in
824 1511 936 1537 {linere
957 1512 988 1537 et
1007 1519 1044 1538 ea
1068 1506 1233 1550 (camela)
1256 1510 1405 1538 daemone
1427 1511 1555 1539 obsessa
1577 1513 1633 1538 est.

280 1576 411 1607 Refellit
437 1576 536 1618 igitur
563 1577 788 1616 vituperantes
815 1577 937 1618 dicens,
963 1586 1000 1607 se
1027 1577 1158 1619 longum
1184 1578 1245 1608 iter
1264 1578 1438 1608 Kadesiam
1466 1578 1652 1618 perfecisse.
1704 1576 1848 1608 Kadesia
1876 1577 1968 1608 locus

180 1649 281 1680 prope
298 1638 338 1669 ad
351 1639 467 1670 Kusam
493 1639 576 1669 situs
604 1648 718 1668 nomen
747 1639 818 1669 inde
845 1640 1014 1679 accepisse
1040 1639 1164 1681 dicitur,
1191 1640 1275 1680 quod
1295 1641 1450 1681 Cosroes,
1470 1641 1640 1670 Persarum
1667 1649 1737 1680 rex,
1764 1639 1836 1669 loco
1862 1639 1967 1670 virum

178 1702 320 1733 Kades
346 1702 546 1749 Harewitam
575 1701 767 1741 praefecerit
801 1705 855 1732 aut
890 1701 972 1741 quod
1001 1701 1202 1733 Abrahamus
1238 1703 1278 1732 ibi
1306 1707 1405 1742 caput
1437 1703 1564 1736 laverit.
1615 1701 1710 1741 Apud
1742 1701 1826 1732 hunc
1863 1702 1968 1732 locum

179 1765 306 1795 Arabes
330 1771 476 1804 tempore
503 1763 636 1795 Ohmari
662 1769 773 1794 contra
799 1765 919 1794 Persas
944 1769 1137 1805 pugnarunt.
1190 1764 1276 1795 Fieri
1307 1769 1438 1807 potest,
1476 1771 1512 1795 ut
1548 1770 1644 1803 poeta
1678 1764 1772 1796 istam
1808 1764 1968 1795 celebrem

179 1835 318 1867 pugnam
343 1827 504 1867 respiciat.
557 1826 632 1857 Vox
657 1824 734 1880 Ziza
759 1826 863 1857 locum
890 1826 1059 1867 designat,
1096 1827 1147 1857 ubi
1174 1827 1287 1857 cameli
1318 1827 1445 1858 cubant.
1498 1828 1618 1857 Locum
1646 1833 1753 1858 autem
1780 1827 1885 1867 posuit
1910 1836 1967 1867 pro

179 1890 310 1921 camelis
337 1890 380 1920 ibi
405 1890 603 1920 cubantibus.
655 1890 739 1920 Sunt
765 1899 909 1930 quoque,
948 1889 998 1929 qui
1033 1889 1158 1927 dicant,
1196 1899 1300 1929 neque
1327 1890 1430 1929 ipsum
1458 1890 1591 1920 cubandi
1618 1890 1740 1930 locum,
1777 1898 1835 1920 neo
1861 1890 1964 1929 ipsum

180 1953 296 1984 cubare
312 1952 501 1994 significari,
530 1956 561 1984 ut
589 1961 705 1984 sensus
733 1953 796 1983 sit:
824 1952 861 1983 Si
887 1951 927 1981 ibi
955 1951 1113 1981 vidissent
1142 1950 1183 1993 id,
1211 1951 1293 1990 quod
1321 1952 1362 1982 ibi
1389 1957 1531 1992 paratum
1558 1958 1650 1983 esset
1675 1952 1813 1983 camelae
1833 1956 1964 1982 nostrae

177 2016 253 2046 vice
279 2014 339 2045 loci
361 2014 495 2046 cubandi
522 2019 586 2045 etc.
638 2015 789 2045 Arabum
808 2018 921 2054 poetas
949 2013 1105 2045 interdum
1134 2023 1186 2044 res
1214 2022 1277 2042 non
1305 2013 1483 2043 existentes
1511 2023 1781 2055 commemorare,
1813 2013 1965 2053 quemad-

178 2077 306 2108 modum
332 2081 431 2117 poeta
463 2076 544 2107 dixit
571 2076 682 2115 (metr.
708 2077 839 2117 Basith)
875 2071 1067 2118 Ue—§b-Ub
1093 2078 1167 2127 ἐρ’,
1196 2071 1334 2128 ἶΙ-ῷὼῚ
1361 2083 1454 2116 wyse
1478 2075 1578 2122 0⁴³3)
1605 2071 1751 2121 09be
1777 2068 1896 2119 2:²²5&
1923 2072 1965 2106 m

180 2138 313 2177 Quum
341 2137 601 2169 recordatus
628 2147 769 2168 essem
795 2139 832 2168 in
858 2139 947 2169 loco
975 2138 1195 2178 Aldairan,
1231 2147 1250 2168 e
1276 2146 1413 2168 somno
1439 2147 1495 2168 me
1519 2139 1733 2168 excitavit
1759 2147 1839 2168 vox
1865 2138 1962 2179 gal—

178 2201 309 2231 lorum
347 2204 387 2230 et
423 2200 654 2239 percussio
693 2200 1045 2240 crepitaculorum
1082 2200 1316 2240 ligneorum
1348 2195 1391 2242 ¹),
1431 2208 1620 2239 quamquam
1653 2200 1694 2230 ibi
1729 2209 1832 2240 neque
1868 2209 1962 2230 uuum

177 2272 281 2303 neque
315 2262 448 2292 alterum
482 2265 584 2291 esset.
636 2262 698 2292 Pro
735 2271 819 2292 voco
847 2267 942 2298 amq>
969 2261 1087 2303 legitur
1119 2270 1243 2301 quoque
1269 2259 1348 2294 ψόὁ
1375 2261 1490 2302 (vilis,
1527 2262 1706 2301 obsequens
1741 2257 1824 2304 fuit).
1878 2259 1962 2298 Quid

175 2330 272 2365 poeta
297 2334 380 2356 voce
405 2328 503 2360 ,μὶ-’ρ
529 2323 701 2362 (daemone
728 2323 884 2354 obsessus
912 2319 986 2367 fuit)
1012 2305 1169 2364 voluerit,
1201 2332 1263 2352 non
1291 2322 1460 2352 admodum
1487 2323 1606 2353 clarum
1634 2328 1706 2360 est,
1742 2321 1801 2352 sed
1828 2322 1961 2352 maciem

174 2388 317 2419 camelae
342 2390 491 2427 spectare
522 2385 673 2426 videtur,
711 2396 794 2426 quae
832 2385 975 2417 daemoni
1007 2385 1258 2416 adscribebatur.
1309 2385 1385 2415 Vox
1418 2381 1498 2416 ewa-‘3
1531 2384 1683 2415 camelam
1719 2384 1812 2424 longo
1847 2382 1960 2414 itinere

174 2449 360 2480 emaciatam
387 2453 421 2479 et
445 2448 538 2479 vilem
565 2447 678 2478 tactam
703 2457 780 2478 esse
805 2448 974 2490 significat.

193 2531 226 2564 1)
244 2532 423 2563 Crepitaculis
441 2532 540 2563 ligneis
558 2538 665 2562 precum
685 2534 788 2562 tempus
806 2531 964 2563 Christiani,
982 2534 1077 2565 quibus
1095 2533 1243 2564 campanis,
1262 2532 1300 2556 uti
1318 2532 1420 2556 licitum
1440 2537 1492 2555 non
1512 2534 1563 2560 est,
1583 2531 1608 2554 in
1625 2530 1735 2555 Oriente
1754 2529 1878 2553 iudicant.
1898 2529 1959 2553 Vox

236 2579 373 2628 obfide-ll,
390 2591 496 2620 poetam
513 2588 540 2613 in
557 2588 620 2613 loco
638 2587 862 2613 monasteriorum
880 2589 993 2614 duorum
1011 2589 1095 2613 misse
1113 2588 1231 2613 indicare
1250 2587 1362 2615 videtur,
1381 2587 1445 2611 licet
1463 2592 1494 2610 ea
1511 2586 1649 2609 destructa
1666 2587 1764 2609 essent.
