2247 2865
1086 119 1108 141 X

214 217 332 243 rectam
355 209 426 240 duci
449 215 628 248 possumus.
672 204 727 235 Sic
749 206 779 234 in
794 203 934 234 Hamasa
955 212 983 242 p.
1000 201 1068 233 178.
1092 209 1217 231 carmen
1240 207 1311 229 cum
1326 198 1455 239 proelio,
1479 198 1561 239 qnod
1581 208 1661 229 anno
1673 198 1838 228 undecimo
1854 197 1991 237 Hedjrae

215 267 283 306 fuit,
307 265 467 301 cohaeret,
489 263 536 292 sic
551 260 688 291 carmina
711 269 739 299 p.
760 259 810 288 70.
831 256 981 288 317.319.
996 255 1035 285 ad
1060 255 1212 293 proelium
1238 263 1318 284 anno
1340 253 1390 284 6⁴.
1414 254 1614 284 commissum
1638 252 1804 284 referenda
1820 244 1992 283 'inveniun-

214 326 273 351 tur.
310 319 366 350 Sic
388 328 416 357 p.
439 317 509 348 429.
529 315 641 346 Jacobi
662 313 877 353 captivitatem
897 313 991 349 poeta
1007 311 1159 350 queritur,
1183 317 1276 348 quam
1290 308 1419 337 annales
1437 307 1618 336 retulerunt.
1662 308 1695 336 ln
1720 307 1861 336 Hamasa
1883 317 1910 346 p.
1922 306 1992 339 368.

215 383 300 405 mors
322 377 434 413 poetae
463 367 727 401 Dsu-l'Rommah
758 364 979 405 cognominati,
1012 364 1062 404 qui
1086 373 1166 393 anno
1192 362 1259 393 117.
1283 362 1358 392 obiit
1381 366 1412 391 et
1434 370 1462 400 p.
1485 361 1556 390 425.
1580 370 1664 390 mors
1689 360 1809 398 Mahni,
1841 361 1891 399 qui
1913 369 1994 390 anno

218 430 284 460 151.
308 427 458 466 decessit,
486 423 675 455 carminibus
706 421 892 460 deploratur.
944 419 978 448 In
1007 418 1076 448 aliis
1110 426 1297 457 quamquam
1335 424 1435 446 annus
1465 420 1615 445 accurate
1645 415 1766 445 definiri
1789 424 1848 444 uon
1878 418 1994 453 potest,

216 488 320 512 tamen
349 485 484 520 tempus,
518 480 548 507 in
585 475 666 515 quod
689 474 805 511 incidit,
836 472 981 502 breviore
1002 471 1105 510 spatio
1137 471 1397 501 circumscribere
1427 469 1506 499 licet.
1552 469 1696 498 Huiusce
1723 470 1770 498 rei
1799 468 1943 507 exempla
1965 469 1996 497 in

217 535 402 566 carminibus
425 543 453 572 p.
474 532 545 562 302.
567 530 650 567 315.‚
674 538 754 567 quae
776 528 854 557 inter
877 535 990 556 annum
1012 525 1079 556 1⁸26.
1097 529 1127 554 et
1152 524 1219 554 132.
1245 524 1361 553 cadere
1385 522 1542 562 videntur,
1565 527 1742 552 cernuntur.
1779 521 1914 552 Carmen
1937 531 1998 551 au-

218 593 280 618 tem
305 598 332 628 p.
355 587 422 617 437.
445 589 516 624 post
547 592 659 613 annum
681 582 741 621 61,
771 590 897 610 carmen
920 590 948 619 p.
971 578 1041 608 372.
1072 583 1143 617 post
1172 587 1286 608 annum
1320 577 1388 607 132.
1410 578 1615 616 compositum
1649 577 1783 607 videtur.
1837 577 1998 607 Nonnulla

218 642 413 672 inveniuntur
436 639 592 677 carmina,
627 645 754 677 quornm
779 637 840 664 etsi
862 638 974 664 auctor
997 635 1126 672 ignotus
1148 632 1199 672 sit,
1224 637 1330 662 tamen
1352 643 1370 662 e
1393 631 1540 660 versibus
1564 636 1690 669 tempus
1723 635 1847 670 praeter
1869 636 1998 669 propter

219 692 369 732 cognosci
391 691 501 730 possit.
544 692 579 720 In
601 691 669 720 loco
692 700 721 729 p.
746 690 813 719 155.
836 699 866 719 v.
890 689 918 719 2.
942 693 1037 727 poeta
1065 687 1290 727 Hadjdjadjum
1321 686 1505 727 alloquitur,
1537 694 1662 714 carmen
1692 685 1788 724 igitur
1814 683 1998 723 Hadjdjadji

219 750 357 784 tempore
380 745 495 774 dictum
519 744 569 781 sit,
593 752 728 773 necesse
751 748 810 772 est.
855 744 888 772 ln
911 743 980 772 loco
1005 753 1032 782 p.
1059 743 1124 773 158.
1149 753 1179 773 ν.
1200 742 1227 771 3.
1252 742 1389 781 poetriae
1423 740 1552 770 Chansa
1577 739 1752 778 adpellatae
1775 739 1890 768 mentio
1912 739 1998 768 facta

218 803 277 828 est.
320 799 353 828 In
376 798 570 837 carminibus,
594 807 723 837 quorum
747 803 858 827 auctor
880 803 972 826 notus
990 802 1049 833 est,
1076 797 1241 826 maximam
1266 802 1384 836 partem
1409 797 1450 825 nil
1474 795 1532 824 nisi
1553 800 1679 834 tempus
1702 795 1892 835 generaliter
1915 795 1998 825 defi-

219 854 284 882 nire
307 852 386 882 licet.
431 852 568 890 Poetae,
592 852 681 882 cuins
704 856 765 881 tam
791 858 916 890 tempus
934 861 996 891 quo
1020 855 1123 890 natus,
1145 861 1236 890 qnam
1264 856 1401 890 tempus,
1432 859 1492 889 quo
1520 854 1662 880 mortuus
1685 851 1736 888 sit,
1760 855 1863 880 notum
1888 855 1949 888 est,
1972 851 1999 880 si

220 917 270 938 res
292 908 495 949 specialiores
518 906 556 936 ad
585 905 794 937 definiendum
825 906 946 941 desunt,
978 907 1113 935 carmina
1145 907 1223 935 inter
1254 910 1419 944 utrumque
1450 909 1575 944 tempus
1604 904 1729 934 cadunt.
1772 905 1806 934 Si
1830 914 1923 933 unum
1947 908 2001 934 aut

220 963 350 992 alterum
374 963 460 998 latet,
485 963 670 1002 generaliori
694 962 784 992 modo
807 961 968 999 temporis,
999 970 1058 999 quo
1081 964 1173 989 natus
1197 964 1251 988 aut
1281 964 1423 989 mortuus
1444 959 1497 997 sit,
1521 959 1640 988 ratione
1663 958 1768 987 habita
1789 957 1999 987 definiendum

222 1021 270 1046 est
292 1027 320 1056 p.
341 1017 388 1046 67.
433 1016 514 1046 Sunt
536 1026 660 1056 quoque
684 1017 832 1049 earmina,
858 1025 939 1054 quae
961 1016 988 1044 in
1003 1015 1101 1053 ipsum
1127 1014 1233 1043 mortis
1257 1022 1372 1042 annun]
1398 1013 1522 1042 cadant.
1566 1013 1618 1042 Ne
1640 1017 1745 1042 autem
1769 1012 1849 1041 haec
1870 1020 1888 1041 a
1910 1011 2000 1040 nobis

222 1070 304 1100 dicta
325 1072 425 1100 inania
448 1075 607 1110 putentur,
632 1080 689 1100 nos
714 1072 741 1099 in
765 1071 816 1099 tali
840 1069 1010 1099 definiendi
1037 1070 1127 1100 modo
1151 1070 1324 1108 scriptores
1347 1069 1504 1098 Arabicus
1527 1067 1637 1097 imitari
1671 1067 1814 1103 dicimus,
1839 1067 1891 1105 qui
1913 1069 2000 1095 tem-

221 1133 280 1164 pus
302 1125 400 1154 minus
422 1130 568 1155 accurate
592 1125 786 1160 definientes,
816 1130 940 1164 poetam
964 1130 1038 1155 ante
1061 1130 1113 1154 ant
1136 1130 1206 1164 post
1233 1124 1391 1162 lslamum,
1421 1128 1486 1153 tum
1511 1128 1584 1153 ante
1607 1127 1638 1152 et
1661 1127 1732 1161 post
1754 1122 1913 1158 Islamum,
1937 1125 2001 1150 tum

222 1182 360 1217 tempore
383 1178 619 1218 Omajjadarnm
642 1184 696 1208 aut
718 1179 982 1215 Abbbwidarum,
1012 1179 1147 1217 denique
1170 1183 1311 1217 tempore
1340 1177 1576 1217 Omajjadarum
1608 1182 1639 1206 et
1663 1174 1914 1206 Ahbbasidamm
1938 1174 2001 1204 sso-

222 1233 323 1262 ruisse
346 1232 478 1262 dixerint
500 1233 581 1262 conf.
606 1243 633 1272 p.
655 1233 704 1264 ⁴26.
749 1234 797 1263 De
820 1237 960 1272 tempore
984 1239 1057 1264 ante
1072 1235 1218 1264 Islamum
1242 1233 1399 1263 difficilius
1423 1233 1508 1263 dictu
1524 1237 1583 1262 est.
1627 1231 1732 1268 Quum
1749 1227 2002 1259 Moliammedem

222 1287 335 1315 aetatis
366 1280 716 1328 anno'quadragesimo
747 1288 928 1327 prophetam
960 1297 996 1318 se
1025 1289 1205 1318 confessum
1243 1298 1328 1327 esse,
1358 1292 1462 1317 notum
1495 1287 1547 1326 sit,
1578 1286 1715 1315 carmina
1744 1284 1868 1324 quidem
1892 1282 2005 1313 aetatis

222 1341 453 1372 Mohammedis
476 1343 595 1371 ratione
625 1343 729 1372 habita
759 1342 877 1372 deliniri
900 1348 1046 1382 possunt3
1079 1342 1135 1372 sed
1166 1342 1376 1382 qnadraginta
1404 1350 1554 1371 armornm
1583 1339 1719 1378 spatium
1749 1342 1870 1367 tantum
1900 1341 1951 1366 est
1973 1341 2005 1365 et

222 1395 282 1424 hoc
304 1400 428 1434 tempus
451 1400 513 1425 tam
539 1397 719 1435 obscurum,
753 1402 785 1427 ut
808 1397 879 1426 inde
904 1402 1054 1427 accurata
1078 1397 1217 1426 definitio
1241 1397 1295 1425 vix
1327 1398 1391 1435 peti
1414 1395 1524 1434 possit.
1572 1394 1709 1423 Carmen
1732 1393 1760 1421 in
1785 1397 1911 1430 tempus
1934 1394 2006 1419 ante

223 1449 368 1479 Islamum
398 1449 513 1479 cadere
536 1460 575 1479 ex
607 1461 693 1480 more
721 1452 908 1489 scriptorum
939 1451 1145 1480 Arabicorum
1169 1451 1275 1480 dicere
1309 1454 1447 1490 praestat
1469 1448 1548 1478 conf.
1574 1458 1601 1487 p.
1632 1447 1697 1482 33.;
1735 1447 1847 1476 etenim
1884 1455 1933 1474 ex.
1958 1454 2006 1485 gr.

223 1508 316 1532 vetus
347 1510 440 1543 poeta
468 1505 809 1535 'Paabbata-Soharran
837 1506 1087 1545 cognominatus,
1111 1515 1200 1544 quem
1230 1509 1302 1534 ante
1333 1505 1479 1533 Islamum
1505 1503 1650 1532 floruisse
1677 1505 1812 1538 constet,
1844 1509 1903 1538 quo
1926 1508 2007 1528 aimo

225 1562 296 1587 ante
318 1558 570 1587 Mohammedem
595 1564 649 1588 aut
674 1566 744 1597 post
767 1558 1020 1588 Mobammedem
1045 1563 1151 1588 natum
1174 1568 1299 1588 carmen
1323 1557 1447 1594 dixerit,
1479 1556 1549 1595 quis
1573 1565 1626 1593 pro
1648 1558 1734 1583 certo
1758 1552 1925 1582 adfirmare
1947 1561 2006 1580 an-

225 1619 279 1639 sus
302 1612 350 1641 sit.
394 1612 483 1641 Alios
516 1617 588 1642 ante
617 1612 722 1642 Islami
751 1613 872 1641 initium
904 1612 1024 1641 vixisse
1053 1611 1154 1650 (conf.
1179 1622 1205 1652 p.
1228 1612 1320 1650 57),
1351 1611 1443 1640 dubio
1468 1614 1562 1639 caret.
1609 1609 1777 1638 Poetarum
1802 1608 1925 1635 nomina
1949 1605 2008 1634 etsi

226 1665 254 1694 in
277 1670 416 1704 tempore
439 1665 615 1695 definiendo
640 1676 753 1705 magno
776 1667 956 1695 adiumento
976 1666 1047 1702 sint,
1075 1671 1178 1696 tamen
1203 1666 1286 1705 quod
1309 1666 1454 1694 breviore
1477 1662 1630 1692 interdum
1648 1661 1740 1691 modo
1766 1660 1923 1699 explicata
1934 1658 2008 1696 sint,

227 1720 440 1751 difficultatem
471 1726 582 1760 parant
610 1721 691 1751 conf.
716 1732 744 1760 p.
765 1721 834 1751 624.
857 1720 927 1750 627.
971 1720 1084 1749 Plures
1113 1721 1191 1749 enim
1224 1730 1318 1759 quum
1348 1721 1410 1748 sint
1439 1723 1552 1758 poetae
1582 1716 1693 1746 eodem
1716 1715 1840 1744 nomine
1871 1716 2008 1749 utentes,

227 1784 316 1814 quem
340 1780 412 1805 ante
438 1776 547 1805 oculos
569 1776 712 1804 habuerit
736 1780 856 1813 auctor,
880 1783 978 1813 saepe
1001 1784 1061 1803 non
1085 1774 1189 1812 liquet.
1235 1773 1362 1802 Accidit
1388 1782 1524 1811 quoque,
1550 1775 1588 1800 ut¹
1603 1775 1656 1800 ant
1679 1769 1718 1799 de
1742 1773 1870 1798 auctore
1892 1772 1947 1796 aut
1971 1767 2010 1797 de

227 1830 362 1859 auctoris
386 1830 508 1858 nomine
523 1830 692 1868 scriptores
711 1829 836 1858 Arabici
859 1828 999 1857 dubitent
1024 1827 1105 1856 conf.
1129 1837 1157 1866 p.
1184 1827 1250 1857 158.
1272 1828 1342 1857 314.
1365 1827 1433 1856 673.
1482 1827 1516 1855 In
1530 1824 1731 1861 carminibus,
1755 1831 1884 1862 quorum
1908 1831 2010 1860 neque

228 1893 345 1913 causae
368 1894 469 1923 neque
492 1889 637 1914 auctores
661 1885 722 1913 noti
746 1886 819 1922 sint,
843 1893 944 1922 neque
967 1892 1008 1911 ex
1031 1886 1219 1921 argumento
1242 1892 1342 1912 eausa
1367 1887 1554 1920 tempusque
1577 1878 1732 1918 cognosci
1755 1877 1888 1916 possint,
1911 1878 2011 1905 inter-

228 1937 297 1967 dum
320 1948 359 1967 ex
382 1938 541 1976 cogitandi
564 1939 683 1968 ratione
707 1949 733 1978 p.
752 1938 829 1967 425.
850 1948 879 1968 v.
902 1938 930 1966 4.
953 1942 1008 1966 aut
1030 1946 1070 1965 ex
1095 1935 1241 1975 loquendi
1265 1934 1356 1963 modo
1382 1944 1410 1973 p.
1430 1933 1478 1962 55.
1502 1943 1533 1961 v.
1549 1933 1573 1963 1.
1597 1943 1623 1971 p.
1651 1931 1719 1963 10¹.
1743 1936 1796 1961 ant
1820 1931 1848 1960 si
1872 1932 2012 1960 auctoris

228 1992 291 2021 noti
304 1992 424 2032 quidem
440 1998 562 2032 tempus
576 1993 682 2030 lateat,
708 2002 747 2021 ex
760 1992 860 2031 ipsius
879 1995 993 2030 poetae
1007 1990 1140 2025 nomine,
1158 1994 1259 2019 utrum
1274 1992 1344 2016 ante
1357 1996 1395 2016 an
1412 1990 1483 2025 post
1509 1986 1655 2016 lslamum
1679 1985 1806 2023 vixerit,
1832 1985 2013 2014 coniectura

228 2044 358 2075 delinire
381 2047 510 2076 tentavi.
556 2047 677 2084 Quibus
700 2056 740 2074 ex
762 2044 944 2085 praemissis
966 2053 1057 2083 quem
1082 2042 1292 2072 definiendum
1323 2041 1447 2071 modum
1470 2045 1600 2069 secutus
1622 2039 1692 2078 sim,
1724 2047 1919 2078 cognoscere
1941 2038 2013 2067 licet

228 2100 283 2137 ita,
307 2103 338 2127 ut
362 2100 529 2138 quemlibet
551 2099 769 2129 difficultatum
794 2099 876 2129 baud
900 2100 1125 2138 immemorem,
1146 2108 1227 2138 quae
1250 2099 1279 2127 in
1302 2098 1445 2127 librorum
1460 2096 1551 2134 copia
1566 2105 1658 2134 quum
1685 2103 1819 2134 magnae
1841 2097 1925 2132 sunt,
1949 2097 2013 2122 tum

230 2154 260 2183 in
282 2152 407 2183 defectu
431 2155 523 2183 etiam
545 2155 691 2194 maiores,
717 2153 767 2183 ubi
790 2153 972 2193 erraverim,
996 2152 1130 2182 iudicem
1154 2162 1290 2192 aequum
1314 2151 1545 2190 benignumque
1567 2150 1705 2179 futurum
1730 2157 1804 2177 esse
1827 2155 1960 2186 sperem.

313 2220 474 2250 Hamasae
495 2221 632 2251 carmina
652 2222 683 2250 in
708 2225 831 2259 tempus
855 2225 927 2249 ante
949 2219 1098 2249 Islamum
1122 2222 1154 2248 et
1177 2222 1301 2256 tempus
1324 2220 1395 2255 post
1422 2215 1570 2244 lslamum
1601 2213 1727 2243 cadunt.
1773 2214 1911 2251 Tempus
1939 2215 2011 2250 post

232 2275 379 2305 lslamum
403 2278 438 2309 a)
459 2275 489 2304 iu
513 2280 634 2314 tempus
648 2274 879 2305 Mohammedis
903 2275 1036 2313 eiusque
1059 2278 1192 2313 quatuor
1212 2279 1436 2302 successorum
1459 2269 1497 2298 ab
1510 2277 1590 2297 anino
1616 2268 1643 2298 l.
1668 2277 1766 2308 usque
1784 2268 1823 2298 ad
1835 2276 1946 2297 anunm
1963 2267 2013 2296 40.

234 2330 267 2363 b)
291 2330 319 2358 in
350 2334 474 2368 tempus
506 2329 739 2367 Omajjadarum
769 2329 807 2359 ab
837 2339 917 2358 anno
941 2329 991 2358 40.
1016 2337 1117 2367 usque
1147 2327 1185 2356 ad
1215 2336 1329 2356 annum
1365 2324 1429 2354 13²2.
1453 2329 1483 2353 et
1506 2326 1538 2355 c)
1561 2323 1589 2351 in
1615 2327 1738 2361 tempus
1761 2319 2012 2351 Ahbbasidarum

237 2393 333 2423 usqne
356 2383 393 2413 ad
417 2394 529 2413 annum
553 2383 624 2414 217.
654 2384 749 2419 (conf.
774 2393 801 2423 p.
824 2383 893 2413 392.
919 2393 948 2412 v.
974 2385 1014 2416 1.)
1049 2382 1207 2411 dividitur.
1253 2379 1577 2413 Abu—Tammamum,
1606 2376 1657 2416 qni
1679 2376 1802 2406 circiter
1833 2384 1913 2404 aimo
1942 2375 2013 2405 228.

238 2435 318 2467 diem
342 2437 462 2474 obierit,
488 2438 625 2466 carmina
649 2436 776 2465 serioris
806 2435 955 2474 temporis
985 2436 1148 2473 recepisse
1177 2432 1291 2463 dubito.
1334 2432 1476 2470 Tempus
1505 2435 1577 2459 ante
1599 2431 1747 2461 Islamum
1778 2430 1877 2458 omnia
1908 2434 2016 2459 vetera

239 2490 397 2520 Hamasae
409 2491 544 2520 carmina
557 2490 788 2529 complectitur3
811 2500 922 2520 annum
948 2494 1061 2522 autem,
1089 2497 1188 2527 nsque
1211 2486 1250 2516 ad
1273 2495 1365 2525 quem
1383 2484 1522 2514 carmina
1544 2488 1617 2514 ante
1640 2484 1785 2513 {slamum
1809 2482 2014 2521 adscendant,

240 2546 420 2576 accuratius
443 2545 571 2574 delinire
590 2543 671 2574 baud
696 2553 786 2583 queo.
833 2543 1030 2573 Carminibus
1054 2541 1213 2572 [lama-sae
1236 2540 1460 2579 antiquissimis
1484 2548 1532 2578 ea,
1555 2547 1636 2577 quae
1659 2547 1686 2576 p.
1705 2537 1853 2567 16‘2.165.
1872 2537 1935 2567 166.
1951 2536 2016 2566 ¹67.

241 2604 405 2640 occurunt,
429 2611 447 2632 a
469 2599 670 2629 Schultensio
693 2600 722 2628 in
745 2599 821 2629 libro
845 2598 1070 2627 ”Monumenta
1093 2596 1267 2625 vetustiora
1290 2593 1444 2624 Arabiaecc
1469 2603 1496 2632 p.
1523 2593 1567 2622 15.
1588 2600 1657 2631 sqq.
1680 2591 1764 2622 edita
1788 2589 2019 2622 adnumeranda
