2247 2865
988 95 1259 128 -392—

216 211 308 253 agis,
339 207 423 238 hunc
455 203 603 244 loquendi
628 201 755 233 modum
781 200 899 231 licitum
935 197 974 228 ab
1009 196 1153 227 omnibus
1188 194 1309 226 haberi.
1360 192 1506 224 Eundem
1542 201 1666 232 quoque
1700 191 1847 231 loquendi
1877 191 2006 222 modum

219 277 344 314 poetam
376 267 556 300 Schanfara
584 269 731 295 secutum
759 272 835 293 esse
862 263 894 291 in
920 259 1071 289 versibus
1097 259 1303 298 sequentibus
1331 255 1619 295 (metr.'l'hawil]:
1661 253 1764 284 Mihi
1788 253 1909 284 vobis
1935 253 2009 284 ab-

218 333 413 366 sentibus
440 329 605 360 familia
632 330 717 367 est,
751 326 873 364 lupus
910 322 1026 353 dirus
1062 326 1102 351 et
1136 319 1307 361 punctis
1343 322 1515 349 notatus
1555 316 1753 357 (pardus)
1790 315 1934 357 glaber
1969 319 2011 345 et

216 397 379 437 hyaena
408 391 682 429 claudicans3
708 386 874 417 familia
901 389 1019 424 sunt,
1053 384 1162 424 apud
1190 393 1310 422 quam
1338 386 1549 412 secretum
1577 379 1827 420 depositum
1854 386 1932 408 non
1955 376 2011 406 di-

219 459 420 499 vulgatur
447 458 489 483 et
514 452 667 482 iniuste
692 458 824 491 agens
851 447 896 477 ob
922 447 981 489 id,
1009 446 1115 487 quod
1140 446 1218 476 sibi
1245 444 1500 485 accersivit,
1528 442 1782 474 frustratur.

221 556 273 586 14.
293 554 350 584 Illa·
369 551 487 580 lanceis
504 550 622 588 fractis
645 547 767 576 rediere
788 548 819 574 et
840 554 898 573 nos
917 544 1036 581 yladiis
1057 544 1231 573 incurvatis
1251 543 1412 570 rediimus.

321 621 521 660 Quamquam
538 617 686 647 hostibus
706 614 915 645 describendo
931 623 993 642 non
1008 613 1159 643 minorem
1175 621 1268 651 quam
1294 613 1365 640 suis
1392 608 1519 639 laudem
1544 607 1717 639 vendicare
1741 607 1882 646 videtur,
1910 610 2015 636 tamen

222 688 329 718 dicens
340 708 350 726 3
378 693 456 714 suos
483 691 552 712 cum
580 680 696 721 gladiis
707 703 716 717 ,
744 679 815 708 illos
845 687 917 707 cum
944 675 1062 707 lanceis
1091 673 1239 712 rediisse,
1267 680 1344 702 suos
1373 670 1492 701 maiore
1519 669 1613 700 laude
1640 673 1743 709 ornat,
1770 678 1864 709 quum
1891 667 2016 697 Arabes

221 750 277 781 tali
303 746 518 786 descriptione
544 748 600 774 aut
627 743 755 773 minoris
782 746 838 771 aut
865 739 993 770 maioris
1031 737 1223 769 fortitudinis
1258 734 1380 776 gradus
1420 733 1639 774 designarent.
1695 732 1752 762 Sic
1779 735 1876 772 poeta
1901 728 2018 760 Sohair

222 814 304 851 viro,
319 820 411 851 quem
426 808 546 847 laudat,
566 809 719 836 maiorem
733 804 950 835 fortitudinem
967 802 1074 833 tribuit
1090 800 1202 830 dicens
1216 798 1326 836 (metr.
1338 796 1493 835 Basith)z
1519 796 1573 825 ha
1584 805 1603 825 n
1614 805 1631 825 c
1641 805 1658 825 e
1669 795 1689 825 a
1715 805 1733 824 e
1744 804 1787 824 os
1806 803 1824 824 c
1834 803 1851 823 o
1861 792 1927 823 nfo
1937 791 1956 822 d
1967 793 2018 832 it,

224 875 315 906 dum
342 869 528 912 sagittis
556 871 708 908 petunt
736 870 776 896 et
793 865 957 905 quando
982 862 1159 893 invicem
1180 861 1277 890 lanc
1291 859 1355 890 eis
1378 858 1636 898 confodiunt,
1657 856 1800 898 gladio
1826 855 2018 897 percutit,

225 939 302 968 imo
328 932 662 974 quotiescunque
690 926 832 969 gladio
863 926 1134 966 percutiunt,
1171 933 1218 954 co
1232 934 1245 953 r
1259 932 1339 962 pus
1367 921 1650 961 amplectitur.
1704 919 1766 959 Qui
1784 919 1925 950 cominus
1951 927 2020 948 cum

229 1000 329 1030 altero
359 995 465 1038 gladio
492 996 635 1034 pugnat,
663 991 690 1020 is
719 989 830 1020 maiori
858 988 999 1028 periculo
1027 997 1065 1017 se
1093 987 1240 1026 exponit,
1270 994 1360 1024 quum
1388 983 1513 1014 hostem
1541 992 1602 1013 non
1628 983 1709 1013 bene
1735 982 1881 1023 effugere
1906 981 2021 1022 possit.

227 1064 262 1093 In
289 1061 359 1092 aliis
394 1062 500 1088 autem
527 1060 642 1095 poetae
669 1053 780 1083 verbis
808 1052 893 1082 nulla
920 1049 1121 1081 describendi
1149 1047 1327 1088 aequalitas
1364 1046 1502 1077 cernitur
1534 1046 1645 1085 (metr.
1671 1045 1832 1084 ThawilJ:
1869 1045 1927 1075 No
1938 1053 1955 1074 s
1981 1046 2022 1074 in

230 1135 303 1157 eos
342 1124 549 1162 impetum
586 1117 709 1148 facim
723 1125 789 1156 us,
829 1124 907 1153 equ
921 1123 966 1143 os
1004 1112 1172 1154 glabros
1210 1111 1346 1140 instar
1388 1109 1636 1139 lancearum
1676 1106 1886 1147 eripimus
1903 1118 1911 1146 3
1952 1106 2023 1138 illi

231 1192 370 1219 autem
401 1181 562 1214 lanceis
598 1176 906 1210 Samhariticis
942 1185 984 1205 re
998 1177 1084 1206 ctis
1120 1174 1362 1214 potiuntur3
1399 1180 1517 1202 sensus
1545 1171 1628 1200 enim
1655 1169 1827 1200 verborum
1855 1172 1923 1200 est:
1950 1169 2023 1199 Nos

229 1251 302 1281 dum
329 1257 386 1278 eos
412 1244 531 1275 lanceis
559 1241 758 1272 confodimus
769 1261 777 1277 ‚
806 1247 917 1268 eorum
943 1236 1035 1277 equis
1064 1236 1234 1278 generosis
1245 1257 1256 1276 7
1284 1234 1432 1264 tenuibus
1459 1233 1560 1263 instar
1586 1232 1768 1262 lancearum
1794 1232 1931 1271 potimur
1946 1242 1954 1271 3
1981 1231 2025 1262 illi

231 1316 337 1343 autem
373 1308 459 1338 nulla
486 1316 520 1336 re
552 1303 713 1344 potiuntur
745 1301 806 1331 nisi
843 1300 966 1331 lanceis
976 1324 986 1340 ‚
1024 1300 1135 1339 quibus
1169 1297 1392 1328 confodiuntur
1426 1300 1460 1328 et
1496 1306 1579 1337 quae
1614 1295 1738 1326 fractae
1772 1297 1805 1325 in
1837 1296 2026 1337 corporibus

230 1376 405 1406 remanent.

228 1472 281 1502 15.
304 1471 335 1500 Ιὶ
357 1471 458 1498 autem
480 1467 513 1495 in
537 1468 641 1494 terrae
662 1463 827 1501 superficie
846 1462 1078 1499 pernoctarunt
1097 1461 1154 1488 sili
1173 1459 1292 1497 adfecti
1313 1460 1344 1486 et
1364 1466 1431 1494 nos,
1456 1458 1486 1486 si
1500 1456 1659 1487 vulnerati
1671 1457 1759 1485 nobis
1781 1447 1825 1485 ad
1842 1458 1902 1486 iter
1921 1459 2028 1494 parati

230 1523 297 1566 (p,
320 1519 443 1562 222.)
889 1516 1041 1554 fuissent,
1062 1515 1198 1551 profecti
1218 1521 1369 1542 essemuS.

333 1593 462 1623 Statum
489 1592 564 1629 post
590 1596 727 1628 pugnam
754 1585 941 1616 describens
969 1584 1055 1622 dicit,
1083 1587 1249 1621 utramque
1277 1581 1375 1611 aciem
1401 1590 1464 1610 non
1491 1580 1601 1619 procul
1628 1589 1646 1609 a
1673 1580 1783 1619 proelii
1811 1590 1924 1621 campo
1952 1591 2028 1622 per-

236 1660 409 1694 noctasse3
437 1652 493 1682 sed
522 1651 644 1688 dicens,
672 1657 769 1686 suos,
797 1648 858 1677 nisi
883 1657 902 1677 a
927 1647 1107 1677 vulneratis
1136 1643 1279 1684 impediti
1306 1645 1460 1684 fuissent,
1488 1644 1693 1684 profecturos
1720 1644 1847 1683 fuisse,
1874 1645 1945 1676 dum
1971 1645 2028 1686 illi,

234 1729 330 1760 quum
356 1714 514 1747 vulnerati
540 1716 663 1752 essent,
690 1711 775 1740 nullo
804 1709 896 1739 modo
924 1719 942 1739 e
967 1708 1039 1738 loco
1066 1717 1123 1738 suo
1150 1708 1238 1738 abire
1268 1712 1413 1747 possent,
1441 1707 1592 1737 maiorem
1622 1707 1745 1737 laudem
1771 1707 1910 1738 tribuere
1934 1707 2030 1738 vide-

238 1787 300 1812 tur.
351 1779 452 1810 Vocis
480 1772 562 1828 cl>l
591 1775 739 1814 primaria
774 1772 969 1814 significatio
1002 1771 1090 1801 soni
1115 1781 1133 1801 e
1159 1775 1332 1810 pectore
1366 1769 1630 1810 prodeuntis
1665 1770 1813 1800 instar
1849 1771 2029 1810 suspirii

237 1847 308 1882 est,
337 1848 469 1880 quacum
496 1837 596 1867 sitis
623 1834 817 1876 significatio
845 1834 1009 1864 cohaeret.
1060 1834 1137 1864 Vox
1167 1830 1249 1866 ,,..ῑ-’>ἳ
1278 1842 1406 1872 quoque
1443 1831 1626 1861 ardorem
1663 1832 1702 1860 in
1739 1836 1913 1870 pectore
1941 1832 2030 1862 desi-

1167 1867 1190 1884 ks

837 1894 890 1947 εἲ,
919 1895 1031 1934 quibus
1059 1894 1185 1924 Arabes
1212 1894 1241 1922 in
1270 1894 1379 1924 dolore
1408 1898 1561 1934 utuntur,
1596 1893 1748 1933 proferat.
1800 1893 1855 1923 Sic
1882 1893 2030 1924 Moham-

239 1965 349 1996 medes
377 1963 476 1994 dixit:
515 1961 590 1992 Nisi
616 1959 801 1990 'shalhahus
826 1958 850 2001 ¹)
879 1968 995 1989 vocem
1022 1968 1101 1999 w>
1126 1957 1331 1997 protulisset,
1367 1966 1434 1986 cum
1462 1955 1585 1996 angelis
1612 1955 1769 1987 volasset.
1819 1956 1895 1985 Vox
1921 1960 2030 1986 autem

238 1908 336 1945 gnat,
374 1906 409 1932 ut
435 1900 515 1930 duas
543 1907 645 1928 voces
672 1906 751 1937 Um>
778 1900 810 1925 et

240 2028 274 2080 zi
302 2027 411 2057 similis
448 2030 499 2055 est
532 2025 605 2054 voci
641 2021 698 2076 ὃ,
739 2032 832 2062 quam
861 2023 983 2052 Persae
1015 2021 1046 2050 in
1081 2020 1191 2051 dolore
1228 2020 1399 2059 proferunt.
1451 2018 1664 2058 Hadjdjadjus
1701 2028 1743 2047 ex
1770 2027 1867 2055 arce,
1904 2018 1934 2047 in
1972 2027 2032 2057 qua

242 2101 261 2122 a
287 2089 446 2121 Schabibo
467 2086 497 2127 Ω)
539 2087 703 2117 haeretico
741 2083 838 2129 (conf.
876 2083 1026 2115 Abulfed.
1061 2084 1144 2114 Ann.
1179 2084 1216 2113 T.
1243 2083 1266 2112 Ι.
1294 2079 1332 2124 [p.
1363 2081 1444 2110 421.
1479 2085 1512 2110 et
1547 2076 1670 2122 adnot.)
1712 2083 1916 2120 oppugnatus
1953 2084 2032 2119 erat,

242 2153 413 2184 satellitem
442 2150 578 2187 fortem,
617 2149 684 2178 suis
720 2148 868 2178 vestibus
903 2148 1058 2176 vestitum
1091 2153 1242 2184 armaque
1270 2153 1330 2173 sua
1357 2146 1547 2184 gerentem,
1580 2150 1639 2170 nec
1667 2149 1727 2169 non
1761 2149 1841 2178 equo
1876 2148 1934 2170 suo
1971 2150 2031 2169 ve-

240 2216 369 2246 hentem
408 2216 519 2243 contra
558 2210 643 2240 illum
679 2213 841 2240 emiserat..
904 2208 1005 2246 Quem
1038 2213 1142 2238 autem
1179 2207 1238 2237 sibi
1275 2210 1422 2244 tanquam
1460 2202 1689 2241 Hadjdjadjum
1726 2201 1898 2231 indicatum
1935 2211 2031 2241 quum

242 2278 422 2310 Schabibus
451 2275 543 2305 clava
563 2274 594 2314 ³)
621 2273 850 2314 percussisset,
878 2281 950 2303 eum
976 2270 1204 2311 Hadjdjadjum
1230 2279 1293 2300 nou
1319 2277 1396 2299 esse
1423 2276 1465 2296 ex
1487 2275 1524 2295 eo
1552 2265 1725 2315 cognovit,
1753 2263 1834 2302 quod
1860 2263 1911 2293 ille
1937 2262 2032 2292 ictum

263 2363 291 2394 1)
312 2359 503 2385 Mobammedis
521 2357 656 2382 sociorum
676 2361 742 2378 uuus
754 2370 762 2384 ,
781 2354 825 2384 qui
844 2354 924 2378 Ablio
941 2353 1001 2377 fidei
1020 2355 1216 2377 sacramentum
1234 2352 1371 2384 praestitit
1389 2355 1461 2374 anno
1481 2350 1525 2379 35,
1545 2352 1607 2378 post
1626 2353 1690 2370 vero
1708 2347 1742 2370 ad
1761 2343 1918 2375 Alijescham
1937 2343 2036 2367 defecit

313 2410 339 2431 et
356 2407 382 2430 in
401 2411 492 2436 pugna
509 2410 580 2427 anno
599 2404 634 2426 36
654 2401 760 2426 occisus
779 2403 828 2425 est.

261 2454 291 2485 2)
308 2452 423 2477 Schabib
443 2453 521 2475 natus
539 2456 611 2474 anuo
629 2449 665 2472 26
685 2448 810 2472 Mosulae
828 2447 963 2470 rebellans
982 2447 1097 2477 quinque
1115 2444 1226 2468 ducibus
1245 2444 1278 2467 ab
1289 2439 1453 2473 nadjdjadjo
1473 2439 1682 2465 missisoccisis
1700 2437 1749 2470 [ex
1767 2437 1820 2461 isto
1832 2437 1930 2467 oppido
1941 2437 2036 2461 Cufam

309 2499 457 2523 tendentem
475 2502 547 2522 anno
565 2495 601 2518 77
620 2491 797 2524 uadjdjadjus
816 2491 969 2522 praevenit)
991 2488 1179 2521 Hadjdjadjnm
1207 2489 1234 2513 in
1251 2496 1315 2513 arce
1334 2489 1526 2518 praefecturae
1545 2484 1722 2516 oppugnavit.
1744 2483 1842 2506 Eodem
1861 2486 1947 2507 tamen
1966 2489 2037 2507 anno

309 2542 336 2567 in
354 2541 460 2565 flumine
478 2540 556 2570 parvi
573 2539 690 2569 Tigridis
709 2539 741 2562 ab
760 2543 828 2567 equo
847 2536 964 2559 deiectus
982 2538 1008 2558 et
1026 2536 1180 2559 submersus
1199 2535 1279 2565 periit
1297 2534 1369 2559 conf.
1385 2530 1574 2557 Ebu-Challik
1591 2531 1648 2553 Nro
1661 2527 1732 2555 1287.

261 2587 294 2620 3)
311 2589 342 2612 In
358 2586 457 2618 pugnis
474 2585 562 2610 clavis
580 2585 652 2610 infra
670 2585 744 2608 ferro
763 2581 872 2607 munitis
892 2581 1050 2605 utebantur.
