2247 2865
970 86 1215 118 „31—

195 190 234 222 ad
263 201 375 231 aquam
406 199 514 233 pugna
538 192 699 225 vicerunt,
714 189 880 219 nonnullos
901 188 1097 219 occiderunt.
1126 189 1299 226 Postquam
1316 187 1355 217 ibi
1372 187 1491 227 aliquot
1512 185 1581 216 dies
1601 192 1791 226 manserant,
1811 185 1974 215 dixerunt:

195 255 254 286 uic
281 254 425 284 manendi
452 254 541 283 nobis
569 253 659 282 loeus
689 261 749 281 non
777 257 839 291 est,
868 260 935 280 nam
963 251 992 280 in
1018 250 1120 280 media
1146 251 1252 290 gentis
1282 250 1512 280 Banu-'l'amim
1540 248 1658 278 ditione
1685 258 1864 278 versamur.
1900 245 1977 276 Inde

195 317 292 358 igitur
319 317 489 348 redeuntes
515 315 555 346 ad
583 320 712 355 puteum
743 315 826 344 illum
854 316 972 344 castris
1001 315 1114 354 positis
1141 325 1158 344 e
1187 313 1417 352 receptaculis,
1444 321 1524 350 quae
1551 311 1633 350 aquai
1662 311 1753 350 plena
1780 310 1977 348 invenerant,

195 380 322 410 camelis
350 384 457 419 potum
485 378 695 418 praebebant3
727 377 797 417 sed,
825 383 859 407 ut
884 376 1088 416 receptacula
1115 377 1218 406 denuo
1246 385 1328 414 aqna
1354 375 1539 414 implerent,
1567 382 1678 412 aquam
1702 372 1888 410 hausturos,
1917 369 1977 400 ad·
2025 412 2030 419 .

195 442 330 473 veniens
357 440 557 481 Masahduli,
593 450 695 479 aquae
730 441 908 480 praefectus
945 440 1022 470 duro
1059 440 1148 470 modo
1188 439 1346 469 tractavit.
1390 436 1540 468 l’rodiens
1568 436 1663 476 igitur
1689 433 1889 463 Schaibanus
1918 432 1978 460 ben

195 504 362 537 chazasah
389 505 491 534 virum
518 506 549 534 in
577 504 658 534 faeie
687 514 765 534 ense
792 504 969 543 percussit,
998 508 1030 533 ut
1060 508 1237 542 prostratus
1267 503 1294 531 in
1322 502 1446 532 domum
1473 510 1563 531 suam
1592 499 1826 529 transferretur.
1863 496 1976 526 Homi-

195 577 252 598 nes
278 567 318 597 ad
344 571 472 608 gentem
499 568 580 597 Beer
607 568 800 607 pertinentes
829 577 923 606 quum
951 567 1068 606 aliquot
1097 566 1164 596 dies
1191 567 1228 596 ad
1257 576 1371 606 aquam
1399 565 1633 601 substitissent,
1664 562 1829 592 dixerunt:
1857 560 1891 589 In
1910 559 1978 588 loco

194 630 346 660 Wakaba
371 635 479 660 castra
506 629 687 660 collocanda
701 630 790 659 nobis
815 631 964 669 snnt,qui
995 633 1099 658 terrae
1127 629 1230 669 gentis
1260 629 1339 658 Beer
1365 628 1394 656 b.
1415 626 1516 666 u'ajil
1535 624 1733 665 propinquior
1759 623 1812 652 sit.
1843 619 1979 651 Profecti

193 694 290 735 igitur
318 696 413 724 istum
451 693 553 724 locum
586 703 800 736 occupavere.
844 694 935 723 Misit
974 693 1071 732 igitur
1099 692 1213 722 Bisclir
1240 690 1267 720 b.
1297 691 1385 720 llasn
1414 689 1452 719 ad
1480 688 1691 718 Seliaihanum
1719 691 1751 716 et
1779 682 1978 714 Kabizahum

193 755 357 786 Bccritas:
389 756 445 786 »Si
472 765 532 785 vos
561 760 593 785 et
622 755 673 794 qui
699 755 862 786 vobiscum
884 759 956 786 sunt
984 765 1001 784 e
1020 760 1118 795 gente
1138 758 1260 793 vestra,
1282 762 1338 792 per
1352 756 1506 782 aestatem
1530 750 1742 788 subsisterex)
1770 747 1882 785 vultis,
1896 745 1978 774 sub-

194 818 328 855 sistatis,
356 817 405 847 sin
432 827 509 847 vero
539 817 630 846 aliam
661 826 725 847 rein
752 818 854 846 animo
876 816 1022 858 agitatis.
1053 817 1221 847 certiorem
1242 826 1291 845 me
1311 815 1418 855 facite,
1446 823 1516 843 nam
1537 817 1620 843 terra
1647 816 1680 841 et
1707 820 1789 851 aqua
1817 810 1874 838 mei
1901 808 1978 836 iuris

194 885 306 909 suut«.
333 879 375 909 lli
389 885 493 909 antem
513 879 707 909 remittentes
735 879 821 909 hisce
847 879 955 908 verbis
987 879 1224 909 minitabantur:
1255 877 1346 916 Quod
1359 878 1386 907 si
1404 882 1435 906 te
1455 877 1483 905 in
1503 876 1571 906 loeo
1587 874 1739 904 u'akaba
1754 871 1980 911 conspicimuS,

193 944 259 971 vim
286 942 339 972 tibi
367 942 550 971 inseremus.
588 941 741 971 Bisclirus
769 941 865 982 igitur
892 943 1025 980 eiusque
1055 942 1154 972 frater
1181 941 1302 971 Chofat'
1324 945 1356 970 et
1384 940 1512 969 Horaits
1536 939 1565 968 b.
1594 936 1745 968 Salamah
1771 936 1800 965 b.
1828 932 1979 964 Morarah

178 1004 223 1035 ὼ.
253 1004 426 1035 Motiaffidti
454 1010 549 1045 poeta
575 1006 605 1034 in
633 1006 741 1035 varias
771 1007 921 1047 regiones
947 1015 984 1034 se
1004 1003 1223 1042 disperserunt
1249 1002 1417 1042 (auxilium
1434 1001 1638 1041 quaesituri).
1665 999 1754 1029 Unus
1780 997 1820 1028 ad
1849 1000 1978 1038 gentem

193 1065 480 1109 Banu-l'Ahnbar,
507 1068 588 1097 alter
617 1067 656 1097 ad
685 1073 813 1107 gentem
841 1067 1073 1098 Baiiu-Jarbuh
1100 1067 1130 1097 b.
1159 1065 1358 1105 llentselali,
1389 1065 1502 1095 tertius
1530 1063 1569 1094 ad
1584 1047 1725 1104 'gentem
1752 1059 1981 1090 Banu-Masen

193 1129 223 1162 b.
253 1129 357 1160 Maleo
384 1129 444 1160 iter
469 1129 596 1160 direxit.
636 1128 698 1167 Qui
725 1129 872 1160 auxilium
904 1130 1064 1169 petiturus
1091 1129 1130 1159 ad
1157 1133 1284 1169 gentem
1311 1123 1575 1157 Banu-l’Ahnbar
1602 1129 1759 1165 venerat,
1799 1123 1829 1152 ei
1855 1125 1980 1161 septem

193 1200 369 1232 personae,
404 1200 422 1220 e
449 1191 564 1231 quibus
591 1192 783 1222 Alahwarus
809 1192 839 1222 b.
870 1192 1086 1232 Bascliamah,
1122 1191 1312 1222 adnuebant.
1351 1189 1485 1228 Quidam
1511 1193 1618 1219 antem
1645 1196 1756 1217 eorum
1784 1184 1824 1215 ad
1850 1188 1979 1225 gentem

193 1254 468 1285 Banu-Nahschal
496 1254 646 1285 auxilium
672 1264 792 1296 rogans
825 1255 1006 1294 contendit,
1045 1265 1123 1295 quos
1150 1255 1300 1284 Becritae
1327 1263 1345 1283 a
1371 1253 1442 1282 loco
1469 1250 1583 1282 Lazafi
1610 1250 1797 1289 depulerant
1823 1243 1980 1276 nonnullis

195 1316 327 1356 occisis,
355 1319 522 1355 antequam
550 1316 578 1345 in
603 1316 673 1346 loco
701 1316 854 1348 Wakaba
878 1321 986 1347 castra
1012 1320 1195 1357 posuerant.
1237 1316 1327 1348 Gens
1352 1320 1460 1346 autem
1487 1312 1768 1345 Banu-Nahsclial
1794 1310 1890 1340 dixit:
1926 1315 1983 1347 per

195 1374 317 1409 Deuml
345 1377 428 1418 apud
455 1388 514 1408 nos
543 1380 635 1409 vobis
664 1379 812 1410 auxilium
840 1389 901 1409 non
928 1385 990 1410 est.
1023 1379 1084 1417 Qui
1108 1379 1148 1408 ad
1175 1383 1305 1420 gentem
1326 1377 1559 1408 Banu-Jarbnh
1586 1375 1692 1406 auxilii
1721 1381 1819 1404 causa
1845 1370 1978 1410 abierat,

196 1440 329 1470 familiae
355 1440 561 1480 Banu-Rijah
588 1442 736 1472 occurrit.
789 1442 879 1471 llaec
905 1441 995 1474 dicit:
1033 1441 1162 1471 Fratres
1188 1441 1307 1480 nostri,
1342 1448 1421 1481 gens
1448 1437 1754 1469 Banu-Tsahlebah
1783 1428 1853 1474 ss)-
1876 1424 1978 1470 ¹6·)

195 1507 269 1533 ante
286 1506 346 1532 nos
369 1507 456 1544 sunt,
483 1508 517 1532 ut
533 1512 589 1532 nos
604 1503 696 1533 ullam
709 1504 778 1533 sine
791 1504 828 1532 iis
843 1513 907 1533 rem
926 1513 987 1533 non
1000 1504 1227 1545 decernamus3
1256 1504 1295 1534 ad
1309 1514 1379 1534 eam
1406 1503 1501 1543 igitur
1527 1501 1684 1541 accedite,
1699 1509 1790 1539 quam
1804 1507 1863 1528 nos
1880 1507 1978 1528 secu-

194 1559 408 1596 tnrisumusl
437 1564 528 1595 Gens
556 1565 781 1595 Banu-Masen
808 1565 954 1604 profecta
980 1566 1020 1596 ad
1050 1568 1152 1597 locum
1172 1566 1366 1597 Ahschasch
1377 1566 1407 1605 ¹2)
1435 1565 1519 1605 apud
1537 1569 1666 1606 gentem
1683 1558 1976 1592 Banu-'Psahlebah

194 1628 351 1667 pervenit.
378 1627 413 1658 ld
438 1633 545 1657 autem
572 1627 691 1658 factum
715 1633 778 1668 est,
806 1634 975 1667 postquam
1003 1638 1119 1669 magna
1143 1629 1236 1668 copia
1263 1629 1371 1670 gentis
1398 1627 1646 1657 Banu-naseu
1673 1633 1743 1654 cum
1770 1632 1809 1653 ea
1832 1631 1870 1651 se
1898 1629 1979 1651 con-

194 1690 352 1720 iunxerat.
383 1689 487 1728 Quum
517 1689 600 1728 apud
628 1699 682 1719 eos
711 1689 750 1719 ad
777 1700 889 1730 aquam
917 1689 1018 1720 locum
1047 1691 1220 1729 cepissent,
1247 1701 1348 1731 aquae
1373 1691 1504 1722 accolae
1534 1698 1640 1719 eorum
1667 1688 1840 1718 adventum
1867 1684 1975 1714 divul-

195 1756 321 1793 garunt.
351 1752 433 1781 Tum
459 1751 532 1781 ,thu
554 1751 684 1780 Molailo
711 1751 942 1782 Ahbd-Allaho
973 1753 1002 1783 b.
1028 1754 1143 1792 Maleo,
1183 1754 1235 1794 qui
1261 1756 1450 1795 cognomine
1476 1749 1756 1783 Ammohallas
1781 1749 1977 1787 (loramento

195 1814 382 1852 obstrictus)
409 1818 502 1844 notus
529 1819 610 1852 erat,
639 1814 678 1844 ad
705 1814 849 1844 familiam
877 1816 1105 1846 Banu-Ahzim
1133 1814 1542 1846 b.011baidb.'rsahtebah
1569 1812 1751 1853 pertinenti,
1783 1811 1831 1841 cui
1859 1818 1978 1840 occur-

195 1882 320 1915 rerant,
361 1888 427 1908 rem
461 1888 553 1908 suam
589 1884 819 1918 exposuerunt.
865 1879 926 1908 Hic
954 1878 1082 1909 diceus:
1122 1878 1218 1918 Apud
1247 1888 1294 1908 me
1323 1878 1554 1916 deversemini,
1593 1886 1611 1906 ο
1637 1873 1800 1906 homines!
1840 1878 1980 1904 mactato

196 1938 316 1968 camelo
343 1939 477 1970 iuvenco
504 1939 641 1979 hospitio
668 1949 726 1969 eos
753 1940 891 1979 excepit.
921 1941 1071 1979 vespera
1098 1946 1215 1978 autem,
1237 1952 1334 1982 quum
1363 1943 1496 1972 accolae
1523 1951 1626 1981 aquae
1653 1940 1828 1981 prodirent,
1855 1938 1978 1969 duabus

196 2001 343 2030 vestibus
369 2002 490 2032 striatis
516 2001 644 2032 indutus
672 2007 704 2031 et
730 2001 935 2031 odoramento
964 2002 1127 2033 Chaluk
1153 2004 1311 2043 appellato
1338 2004 1474 2034 imbutus
1502 2004 1569 2043 (sic
1595 2003 1678 2034 enim
1705 2003 1811 2033 facere
1827 2002 1975 2032 solebant

197 2072 292 2102 quum
319 2072 371 2092 res
398 2064 507 2102 gravis
534 2065 572 2094 iis
600 2064 812 2106 accidisset),
851 2066 992 2095 lanceam
1022 2077 1117 2098 manu
1151 2071 1266 2097 tenens
1303 2067 1333 2096 in
1365 2066 1500 2096 mediam
1528 2075 1641 2105 aquam
1668 2065 1827 2104 processit
1853 2069 1886 2094 et
1912 2064 1977 2094 alta

197 2134 280 2155 voce
306 2125 468 2156 clamavit:
510 2127 561 2157 Ad
588 2128 739 2159 auxilium
766 2125 890 2160 venite!
917 2139 998 2171 gens
1023 2129 1167 2167 Jarbnh,
1195 2138 1277 2170 gens
1303 2128 1499 2169 Tsalilebah,
1528 2138 1608 2158 «rens
1636 2123 1771 2158 Ahzim!
1808 2127 1882 2158 dum
1905 2127 1977 2156 uni-

1526 2155 1546 2170 O

196 2196 313 2217 versos
340 2192 373 2216 et
397 2188 544 2229 singulos
579 2191 768 2230 appellabat.
809 2193 890 2222 Tum
917 2192 1061 2222 homines
1088 2196 1318 2221 concurrentes
1345 2191 1391 2220 sic
1420 2190 1576 2221 allocutus
1604 2195 1674 2220 est:
1721 2190 1763 2219 Hi
1789 2188 1843 2219 filii
1870 2188 1978 2218 matris

263 2280 364 2303 Tarnim
383 2281 523 2303 referenda
540 2284 588 2303 est.
624 2281 726 2306 Confer
742 2283 973 2307 Ebu-Kotaib.
993 2290 1017 2313 p.
1036 2284 1080 2308 89.
1100 2284 1143 2307 ubi
1163 2284 1188 2308 in
1207 2285 1299 2309 tabula
1318 2285 1403 2310 frater
1430 2285 1533 2309 Daremi
1561 2289 1587 2309 et
1604 2285 1674 2309 filius
1694 2284 1792 2309 Maleci
1810 2283 1977 2313 appellatum

262 2326 309 2348 sed
327 2332 358 2348 ex
373 2329 445 2348 textu
466 2332 489 2354 p.
509 2326 554 2348 95.
573 2326 689 2351 videmus
708 2328 824 2352 tabulam
846 2329 968 2353 vitiosam
987 2336 1054 2353 esse.

216 2380 244 2410 1)
263 2382 301 2406 De
319 2381 413 2411 Sacyo
436 2387 489 2404 vox
509 2374 587 2413 vtffss
605 2381 686 2405 armis
704 2384 862 2414 confligendi
881 2385 1103 2415 significationem
1122 2387 1217 2410 habere
1235 2386 1384 2410 videbatur.
1403 2386 1467 2410 Mitti
1479 2386 1567 2410 verbis
1587 2386 1627 2409 hic
1638 2391 1733 2408 sensus
1752 2384 1838 2407 inesse
1858 2381 1975 2406 videtur:

267 2434 358 2462 Aquae
377 2432 497 2455 dominns
517 2439 630 2461 pugnam
650 2439 707 2456 eum
728 2435 838 2458 nectitis
857 2437 1008 2460 evitaturu=
1027 2440 1185 2467 potestatem
1214 2435 1247 2460 ibi
1274 2443 1321 2466 per
1347 2440 1477 2460 aestatem
1499 2436 1660 2460 subsistendi
1688 2434 1824 2462 concedit-5
1851 2433 1929 2456 ”¹⁰⁶⁰
1948 2436 1977 2455 u‘

266 2477 433 2501 voluntatem
453 2484 527 2501 suain
547 2478 597 2508 ipsi
616 2482 739 2509 tanquam
758 2487 842 2510 aquae
859 2482 965 2507 domino
984 2483 1156 2513 patefaciant.

216 2522 248 2551 2)
267 2523 420 2547 Ahschascti
436 2523 491 2548 loci
509 2530 604 2548 nomen
623 2524 648 2548 in
667 2528 739 2549 terra
759 2528 847 2558 gentis
865 2529 1028 2554 Banu—satu!
1047 2536 1130 2560 prope
1148 2530 1183 2554 ad
1200 2527 1357 2561 'rhamijjam
1376 2533 1416 2553 est
1426 2526 1591 2561 [Thamiijah
1607 2534 1669 2551 vero
1683 2531 1724 2551 est
1741 2532 1817 2551 mons
1837 2525 1864 2550 in
1874 2526 1978 2550 deserto

266 2568 406 2611 (aiae-lt)
426 2575 516 2606 Ram.)
