2247 2865
940 89 1208 120 —117-

994 184 1159 218 xxn.

565 275 703 311 mxu
727 275 993 310 Antan-isch
1017 275 1063 309 l».
1087 274 1227 309 mla!
1253 275 1577 317 Kar-annulo.

285 375 347 405 Alii
383 374 522 405 tribuunt
558 384 674 404 versus
702 373 856 404 Ahbbaso
883 373 912 402 b.
940 373 1062 403 Mirdas
1089 374 1280 413 somniuae,
1318 374 1370 404 alii
1396 373 1555 414 Djahhaso
1582 374 1611 404 b.
1639 374 1751 404 nacim
1780 375 1809 404 b.
1838 375 1966 413 Abzim,

186 437 215 467 in
243 447 336 477 quem
364 444 459 478 poeta
486 438 714 469 Alachthal
741 438 834 468 dixit:
863 440 971 475 (metr.
999 435 1142 472 'rhun-il)
1169 435 1458 474 Aldjahhafus
1493 436 1710 466 Bisehrurn
1746 436 1864 466 clade
1898 437 1964 465 ob-

184 501 281 536 ruit,
316 499 363 530 de
398 509 469 540 qua
504 500 608 540 apud
641 501 763 531 Deum
799 499 1054 539 querendum
1081 503 1119 528 et
1148 497 1193 528 ad
1221 496 1392 527 eundem
1420 497 1743 538 confugiendum
1770 502 1850 527 est.
1888 497 1964 527 Vox

181 563 292 605 024?
317 561 407 592 vario
437 561 529 592 modo
557 563 744 602 explicatur.
781 562 865 591 Fieri
902 566 1032 601 potest,
1062 566 1095 591 ut
1124 561 1243 590 lacerta
1269 562 1379 603 0³²2>
1407 560 1604 600 appelletur,
1641 560 1713 590 dum
1742 560 1861 589 formae
1887 558 1965 597 ἁμὲ

181 621 372 663 significatio
400 624 555 662 participii
582 623 705 663 passivi
740 623 894 653 tribuitur.
936 622 1074 652 Dicitur:
1108 620 1204 659 &4225
1231 624 1352 654 ψώ>
1383 622 1555 652 »lacertam
1584 627 1721 652 venatus
1748 632 1855 652 sum«.
1895 621 1966 651 Res

180 685 307 723 proprie
333 685 382 715 sic
408 695 445 715 se
474 685 576 715 habet.
605 685 662 715 vir
689 684 729 714 ud
756 684 918 715 latibulum
948 684 1086 714 lacertae
1113 686 1260 725 veniens,
1288 693 1380 714 manu
1406 684 1510 714 locum
1537 685 1683 714 introitus
1705 684 1862 724 (portam)
1888 694 1965 723 per-

181 746 266 777 eutii.
304 746 407 785 Quam
445 748 564 778 lacerta
591 757 657 777 rem
684 747 826 777 sentiens
859 752 1042 786 serpentem
1069 756 1145 776 esse
1172 750 1316 785 putatet
1355 754 1423 775 eum
1453 755 1648 785 percussura
1674 743 1753 789 (leg.
1782 755 1810 782 aq
1833 741 1967 789 LPAQ)

180 808 310 840 caudam
337 809 442 850 erigit.
469 809 548 839 Eam
582 814 717 839 venator
744 809 862 848 arripit.
906 809 985 839 Tum
1015 809 1107 838 vocis
1135 808 1325 849 significatio
1362 808 1452 838 latius
1480 813 1580 848 patet,
1608 813 1641 837 ut
1669 808 1797 847 quilibet
1825 809 1963 838 lacertae

178 872 346 903 venandae
373 872 483 903 modus
509 876 597 917 025>
624 872 810 912 appelletur.
842 872 931 902 Dixit
959 877 1072 911 poeta:
1104 868 1210 913 (metr.
1239 867 1378 913 'l'hawiD
1419 870 1626 909 Quomodo
1668 872 1859 902 lacertas
1893 881 1963 900 ve-

180 935 364 976 nariego
384 932 652 965 tibivideor‘?
682 935 960 965 Nonneinter
988 934 1247 963 lacertarum
1275 938 1507 963 venatores
1535 933 1640 964 haud
1668 935 1822 975 segnis
1850 929 1962 963 sum?

180 998 287 1028 Voces
313 1005 412 1026 Μ
437 995 513 1034 υἱὲ.)
540 997 678 1036 speciem
713 997 903 1026 lacertarum
939 996 1120 1036 designant.
1166 995 1255 1025 Dixit
1292 1000 1388 1034 poeta
1427 996 1578 1035 Cotsajjir
1607 998 1717 1035 (mort.
1746 1005 1826 1026 anno
1860 996 1963 1033 105):

178 1058 286 1100 (metr.
313 1059 455 1097 'l‘hawiD
484 1060 594 1097 Quot
630 1064 730 1089 sunt
766 1060 976 1089 lacertam
1016 1058 1268 1088 inimicitiae
1305 1064 1517 1088 venantes
1552 1069 1601 1088 ex
1638 1060 1692 1089 iis
1733 1059 1963 1089 dulcedine

178 1109 348 1160 plantae
387 1120 539 1161 Chala,
589 1120 927 1160 quemadmodum
967 1121 1156 1150 lacertas
1198 1120 1461 1159 decipientes
1502 1126 1725 1150 venantur.
1788 1121 1962 1150 Proverbio

177 1187 319 1213 utuntur:
344 1182 490 1224 Magis
520 1183 740 1221 decipiens
768 1192 876 1221 quam
905 1183 1091 1219 lacerta,
1118 1191 1227 1221 quam
1255 1186 1440 1211 venatus
1469 1192 1511 1211 es
1537 1183 1959 1223 (‚)1ei‹1.7,13t.)atzero-

176 1255 250 1285 que:
286 1245 424 1284 Major
450 1245 553 1275 haec
588 1255 651 1275 res
688 1250 774 1284 est,
813 1255 926 1284 quam
961 1244 1182 1274 commotio
1222 1253 1363 1273 manus
1403 1244 1447 1274 ad
1486 1245 1720 1275 venandam
1762 1245 1961 1276 lacertam

176 1306 293 1345 (Meid.
320 1308 354 1346 5,
386 1308 495 1346 175.)
534 1308 634 1337 Huius
671 1308 831 1346 proverbii
866 1307 1021 1347 originem
1057 1307 1104 1335 sic
1138 1307 1338 1336 describunt:
1381 1308 1521 1336 Lacerta
1541 1308 1674 1346 *pullum
1703 1318 1797 1338 suum
1824 1308 1963 1338 venandi

175 1368 302 1398 modum
328 1372 416 1413 0215>
441 1370 632 1409 appellatum
660 1380 776 1400 cavere
806 1370 942 1399 iubebat.
986 1370 1046 1398 Die
1074 1368 1204 1406 quodam
1233 1368 1283 1396 ille
1310 1377 1423 1397 sonum
1451 1368 1578 1408 ligonis,
1607 1378 1667 1407 quo
1697 1374 1814 1400 tectum
1842 1370 1962 1400 latibuli

174 1432 224 1461 sui
251 1431 523 1472 perfringehatur‚
563 1432 695 1462 audiens
722 1432 818 1461 dixit:
862 1432 911 1461 »0
942 1434 1030 1470 paler
1058 1425 1115 1458 mi!
1152 1439 1224 1458 num
1253 1429 1301 1459 hic
1329 1430 1410 1470 (leg.
1441 1425 1514 1458 5325
1541 1430 1582 1467 1:235
1612 1430 1655 1469 μς)
1682 1431 1819 1461 venandi
1846 1432 1960 1462 modus

173 1496 269 1537 022?
295 1494 475 1532 appellatus
492 1491 588 1524 est'?«
620 1494 706 1523 Dixit
727 1494 861 1524 lacerta:
892 1487 1061 1522 »Minimel
1086 1492 1181 1521 filiole
1202 1488 1256 1521 ini!
1289 1493 1356 1521 noc
1379 1493 1510 1532 gravius
1531 1493 1604 1532 quid
1626 1490 1721 1523 esve«
1757 1494 1831 1523 Vox
1847 1497 1960 1542 0349>

172 1556 352 1586 animalculi
379 1565 492 1586 nomen
519 1556 717 1597 longitudine
744 1557 846 1597 digiti,
876 1557 983 1587 multis
1012 1555 1144 1594 pedibus
1170 1554 1304 1593 praediti
1331 1560 1393 1591 est,
1420 1555 1503 1593 quod
1533 1565 1647 1584 nomen
1673 1554 1754 1600 06)δὶ
1774 1554 1862 1590 Ab.)
1890 1566 1957 1586 au-

173 1627 250 1647 rem
277 1617 440 1647 intrans
468 1614 650 1660 (gurgulio)
677 1618 782 1648 habet.
810 1618 874 1648 Alii
902 1618 1070 1649 dixerunt:
1110 1617 1202 1647 Voce
1229 1617 1313 1646 aliud
1340 1618 1454 1647 animal
1482 1627 1544 1647 uno
1572 1628 1671 1648 cornu
1699 1619 1873 1658 praeditum
1901 1619 1959 1649 de-

171 1680 303 1720 signari.
331 1679 425 1709 Licet
451 1688 573 1719 quoque
600 1680 781 1720 admittere,
807 1690 921 1710 nomen
948 1684 1059 1725 03⁴2>
1086 1681 1265 1711 derivatum
1286 1691 1361 1712 esse
1380 1692 1399 1712 a
1417 1684 1524 1712 verbis
1536 1681 1631 1727 19ᾼὶ
1646 1687 1733 1727 025>
1762 1676 1832 1722 (Ι).
1857 1677 1959 1721 62.)

175 1741 302 1772 »fricuit
325 1743 357 1771 in
383 1741 479 1772 dorso
506 1744 659 1773 camelum
687 1744 761 1774 fune
788 1753 847 1774 suo
860 1742 906 1785 ²),
937 1748 974 1773 ut
1001 1743 1147 1772 celeriter
1173 1743 1371 1774 incederet«.
1399 1745 1526 1775 Nomen
1553 1747 1615 1776 viri
1634 1745 1704 1781 &Em
1729 1757 1748 1777 a
1775 1748 1848 1778 luna
1874 1756 1960 1777 nova

171 1803 349 1834 desumtum
378 1813 455 1835 esse
481 1809 608 1845 potest,
647 1816 728 1845 quae
761 1805 986 1845 interpretandi
1022 1805 1102 1834 ratio
1141 1806 1277 1835 maxime
1312 1807 1428 1846 placet.
1458 1809 1600 1838 'Nomen
1632 1818 1756 1848 quoque
1792 1810 1958 1849 accepisse

172 1871 281 1905 potest
307 1876 326 1896 a
351 1871 503 1906 serpente
536 1877 623 1897 mare
651 1873 705 1897 aut
733 1878 750 1898 a
778 1872 868 1907 parte
901 1869 1004 1897 molae
1032 1873 1087 1898 aut
1113 1877 1131 1897 a
1158 1872 1248 1907 parte
1283 1869 1413 1899 residua
1446 1880 1548 1910 aquae
1575 1873 1606 1900 iu
1633 1872 1834 1910 receptaculo
1860 1877 1914 1902 aut
1934 1873 1960 1902 'a

172 1928 304 1967 pulvere
330 1932 385 1957 aut
411 1929 542 1968 cuspide
569 1930 702 1968 quadam
731 1930 862 1968 hastae,
901 1940 984 1970 quae
1018 1940 1128 1959 omnes
1157 1940 1208 1959 res
1239 1931 1301 1960 isto
1330 1933 1454 1961 nomine
1483 1933 1709 1972 insigniuntur.
1751 1934 1955 1964 Adolescens

171 1990 258 2020 initio
283 1990 456 2020 iuventutis
483 1991 543 2021 hoc
567 1993 691 2022 nomine
727 1992 926 2034 designatur.
967 1993 1041 2023 Vox
1070 1995 1134 2034 <433
1162 1992 1346 2022 deminutivi
1374 1994 1475 2024 forma
1502 2005 1519 2024 a
1549 1996 1673 2026 nomine
1702 1996 1839 2026 actionis
1866 1997 1958 2026 verbi

1067 2019 1095 2041 μ

170 2050 276 2099 &alle
302 2049 392 2098 &snt
415 2055 510 2096 &¹²2³
536 2054 647 2093 (unam
672 2065 738 2084 rem
765 2056 865 2085 altera
891 2047 1036 2094 pulsari)
1065 2063 1141 2083 esse
1168 2058 1286 2095 potest,
1314 2058 1368 2085 aut
1387 2055 1572 2087 deminutivi
1592 2057 1691 2088 Forma
1713 2058 1814 2087 levior
1836 2057 1957 2088 reddita

171 2115 262 2145 vocis
288 2114 364 2165 &3⁸⁷
391 2119 443 2146 aut
469 2115 656 2146 deminutivi
683 2117 784 2147 forma
810 2127 829 2147 a
855 2127 937 2147 voce
963 2118 1035 2166 &3³
1077 2126 1138 2155 qua
1166 2125 1247 2145 voce
1275 2118 1389 2146 varioli
1415 2118 1445 2147 in
1473 2120 1568 2158 pullis
1597 2120 1761 2150 camelinis
1788 2120 1954 2150 ablactatis

170 2176 393 2216 insigniuntur,
420 2175 574 2208 derivata.
603 2178 688 2209 Dixit
715 2184 810 2218 poeta
837 2184 935 2209 metro
966 2177 1088 2218 Redjes
1116 2188 1214 2208 usus:
1249 2178 1387 2209 Stella
1415 2180 1582 2221 Sohail,
1613 2191 1734 2221 quum
1762 2182 1954 2221 veniret,

170 2238 362 2278 pustulas
390 2238 583 2281 adduxit,
612 2243 744 2272 stella
770 2242 919 2272 Sohail
947 2243 1098 2272 absens
1124 2242 1208 2272 fuit
1234 2247 1274 2271 et
1301 2246 1380 2272 tum
1408 2252 1484 2272 non
1511 2243 1652 2273 rediit.
1682 2243 1775 2282 Quod
1805 2252 1883 2272 vero
1912 2242 1951 2273 ad

169 2309 282 2330 vocem
307 2302 365 2350 δὲ,
392 2310 474 2341 quae
502 2302 686 2333 cucurbitae
712 2304 851 2334 fructum
877 2304 1020 2334 omuibus
1047 2308 1155 2334 uotum
1183 2304 1344 2346 designat,
1371 2305 1495 2345 attinet,
1521 2307 1641 2347 vulgus
1659 2306 1795 2336 litteram
1816 2305 1865 2335 Ra
1884 2305 1954 2335 sine

187 2420 215 2452 1)
234 2421 370 2446 Alahbbas
388 2422 410 2446 b.
430 2423 536 2446 merdas
561 2420 676 2453 ternpore
699 2424 890 2449 Mohammedis
908 2426 984 2456 vixit,
1004 2425 1151 2458 Aldjahhaf
1172 2432 1289 2460 ternpore
1307 2429 1543 2454 Ahbd-Almalici
1570 2429 1593 2452 b.
1613 2429 1743 2451 Mer-wan.
1779 2427 1818 2450 Ex
1837 2427 1952 2450 carmine

234 2466 292 2496 ipso
309 2471 396 2491 autem
415 2468 602 2492 Alhariscnuru
621 2469 812 2494 Muhammedis
830 2474 947 2503 tempore
966 2473 1066 2498 vixisse
1086 2475 1214 2500 videmus.

183 2519 215 2548 2)
233 2519 341 2551 Dubito,
358 2527 419 2545 num
439 2528 493 2546 vox
511 2521 596 2562 aih-53
615 2524 689 2546 recta
706 2522 750 2553 sit,
768 2529 827 2547 nam
846 2525 871 2548 in
891 2525 982 2550 codice
1000 2532 1124 2552 correcta
1140 2529 1254 2554 videtur.
1285 2529 1355 2553 Fieri
1373 2532 1470 2559 potest,
1495 2532 1523 2552 ιιι
1545 2528 1617 2551 suuis
1644 2528 1688 2557 sit,
1716 2528 1791 2552 euius
1810 2534 1863 2552 una
1888 2535 1952 2559 pars

234 2574 312 2594 mauu
331 2571 480 2602 tenebatur,
499 2573 559 2596 dum
579 2572 666 2596 altera
685 2579 767 2604 super
785 2580 852 2599 naso
871 2577 967 2601 cameli
985 2583 1053 2603 erat.
