<?xml version="1.0" encoding="UTF-8"?>
<!DOCTYPE html PUBLIC "-//W3C//DTD XHTML 1.0 Transitional//EN"
    "http://www.w3.org/TR/xhtml1/DTD/xhtml1-transitional.dtd">
<html xmlns="http://www.w3.org/1999/xhtml" xml:lang="en" lang="en">
 <head>
  <title>
</title>
<meta http-equiv="Content-Type" content="text/html;charset=utf-8" />
  <meta name='ocr-system' content='tesseract 3.04.00' />
  <meta name='ocr-capabilities' content='ocr_page ocr_carea ocr_par ocr_line ocrx_word'/>
</head>
<body>
  <div class='ocr_page' id='page_1' title='image "./p1hamassaecarmin02abbiuoft_0278.png"; bbox 0 0 2247 2865; ppageno 0'>
   <div class='ocr_carea' id='block_1_1' title="bbox 995 111 1265 143">
    <p class='ocr_par' dir='ltr' id='par_1_1' title="bbox 995 111 1265 143">
     <span class='ocr_line' id='line_1_1' title="bbox 995 111 1265 143; baseline -0.007 0"><span class='ocrx_word' id='word_1_1' title='bbox 995 111 1265 143; x_wconf 79' lang='lat'>—242—</span> 
     </span>
    </p>
   </div>
   <div class='ocr_carea' id='block_1_2' title="bbox 246 207 1985 252">
    <p class='ocr_par' dir='ltr' id='par_1_2' title="bbox 246 207 1985 252">
     <span class='ocr_line' id='line_1_2' title="bbox 246 207 1985 252; baseline -0.003 -9"><span class='ocrx_word' id='word_1_2' title='bbox 246 214 272 243; x_wconf 84' lang='lat'>1.</span> <span class='ocrx_word' id='word_1_3' title='bbox 295 215 439 244; x_wconf 72' lang='lat' dir='ltr'>Discessi</span> <span class='ocrx_word' id='word_1_4' title='bbox 458 208 518 252; x_wconf 69' lang='lat' dir='ltr'>[ab</span> <span class='ocrx_word' id='word_1_5' title='bbox 540 209 682 252; x_wconf 75' lang='lat' dir='ltr'>amicis),</span> <span class='ocrx_word' id='word_1_6' title='bbox 707 215 743 241; x_wconf 79' lang='lat' dir='ltr'>ut</span> <span class='ocrx_word' id='word_1_7' title='bbox 763 212 936 240; x_wconf 75' lang='lat' dir='ltr'>absentiam</span> <span class='ocrx_word' id='word_1_8' title='bbox 958 218 1021 247; x_wconf 62' lang='lat' dir='ltr'>qum</span> <span class='ocrx_word' id='word_1_9' title='bbox 1044 210 1180 247; x_wconf 75' lang='lat' dir='ltr'>amplius</span> <span class='ocrx_word' id='word_1_10' title='bbox 1201 218 1346 239; x_wconf 82' lang='lat' dir='ltr'><strong><em>curarem</em></strong></span> <span class='ocrx_word' id='word_1_11' title='bbox 1370 212 1401 238; x_wconf 80' lang='lat' dir='ltr'>et</span> <span class='ocrx_word' id='word_1_12' title='bbox 1421 210 1451 237; x_wconf 78' lang='lat' dir='ltr'>si</span> <span class='ocrx_word' id='word_1_13' title='bbox 1472 210 1568 237; x_wconf 81' lang='lat' dir='ltr'>vicini</span> <span class='ocrx_word' id='word_1_14' title='bbox 1586 207 1666 237; x_wconf 73' lang='lat' dir='ltr'>milti</span> <span class='ocrx_word' id='word_1_15' title='bbox 1685 207 1833 237; x_wconf 77' lang='lat' dir='ltr'>honorati</span> <span class='ocrx_word' id='word_1_16' title='bbox 1854 209 1985 238; x_wconf 79' lang='lat' dir='ltr'>abirent.</span> 
     </span>
    </p>
   </div>
   <div class='ocr_carea' id='block_1_3' title="bbox 245 277 2041 565">
    <p class='ocr_par' dir='ltr' id='par_1_3' title="bbox 245 277 2041 565">
     <span class='ocr_line' id='line_1_3' title="bbox 345 277 2041 324; baseline -0.004 -12"><span class='ocrx_word' id='word_1_17' title='bbox 345 283 408 312; x_wconf 89' lang='lat' dir='ltr'>Pro</span> <span class='ocrx_word' id='word_1_18' title='bbox 437 282 546 312; x_wconf 89' lang='lat' dir='ltr'>verbis</span> <span class='ocrx_word' id='word_1_19' title='bbox 575 278 670 322; x_wconf 46' lang='lat'>&amp;1⁶³³</span> <span class='ocrx_word' id='word_1_20' title='bbox 697 296 738 319; x_wconf 70' lang='lat'>0·-</span> <span class='ocrx_word' id='word_1_21' title='bbox 767 280 886 320; x_wconf 87' lang='lat' dir='ltr'>legitur</span> <span class='ocrx_word' id='word_1_22' title='bbox 914 288 1039 318; x_wconf 91' lang='lat' dir='ltr'>quoque</span> <span class='ocrx_word' id='word_1_23' title='bbox 1069 277 1168 324; x_wconf 46' lang='lat'>&amp;2³3⁸</span> <span class='ocrx_word' id='word_1_24' title='bbox 1195 292 1238 316; x_wconf 69' lang='lat'>0⁸</span> <span class='ocrx_word' id='word_1_25' title='bbox 1267 278 1341 317; x_wconf 87' lang='lat' dir='ltr'>»qui</span> <span class='ocrx_word' id='word_1_26' title='bbox 1368 278 1586 309; x_wconf 65' lang='lat' dir='ltr'>discederem(</span> <span class='ocrx_word' id='word_1_27' title='bbox 1617 277 1814 308; x_wconf 89' lang='lat' dir='ltr'>Discedendi</span> <span class='ocrx_word' id='word_1_28' title='bbox 1838 277 1920 307; x_wconf 88' lang='lat' dir='ltr'>enim</span> <span class='ocrx_word' id='word_1_29' title='bbox 1936 277 2041 318; x_wconf 88' lang='lat' dir='ltr'>signi-</span> 
     </span>
     <span class='ocr_line' id='line_1_4' title="bbox 245 336 2039 384; baseline -0.005 -9"><span class='ocrx_word' id='word_1_30' title='bbox 245 344 352 375; x_wconf 82' lang='lat' dir='ltr'>ficatio</span> <span class='ocrx_word' id='word_1_31' title='bbox 377 343 440 374; x_wconf 87' lang='lat' dir='ltr'>hoc</span> <span class='ocrx_word' id='word_1_32' title='bbox 473 344 504 372; x_wconf 90' lang='lat' dir='ltr'>in</span> <span class='ocrx_word' id='word_1_33' title='bbox 536 352 636 372; x_wconf 85' lang='lat' dir='ltr'>versu</span> <span class='ocrx_word' id='word_1_34' title='bbox 672 341 794 371; x_wconf 80' lang='lat' dir='ltr'>formae</span> <span class='ocrx_word' id='word_1_35' title='bbox 830 345 967 370; x_wconf 82' lang='lat' dir='ltr'>octavae</span> <span class='ocrx_word' id='word_1_36' title='bbox 1001 340 1170 370; x_wconf 88' lang='lat' dir='ltr'>tribuenda</span> <span class='ocrx_word' id='word_1_37' title='bbox 1206 344 1267 369; x_wconf 84' lang='lat' dir='ltr'>est.</span> <span class='ocrx_word' id='word_1_38' title='bbox 1309 340 1446 380; x_wconf 80' lang='lat' dir='ltr'>Legitur</span> <span class='ocrx_word' id='word_1_39' title='bbox 1472 350 1598 380; x_wconf 82' lang='lat' dir='ltr'>quoque</span> <span class='ocrx_word' id='word_1_40' title='bbox 1625 336 1721 381; x_wconf 49' lang='lat'>5535</span> <span class='ocrx_word' id='word_1_41' title='bbox 1747 354 1788 377; x_wconf 62' lang='grc' dir='ltr'>σι</span> <span class='ocrx_word' id='word_1_42' title='bbox 1815 338 1890 384; x_wconf 69' lang='lat' dir='ltr'>0&gt;i</span> <span class='ocrx_word' id='word_1_43' title='bbox 1917 340 1941 366; x_wconf 65' lang='grc' dir='ltr'>ιο</span> <span class='ocrx_word' id='word_1_44' title='bbox 1967 344 2039 380; x_wconf 59' lang='grc' dir='ltr'>ύῑ&gt;</span> 
     </span>
     <span class='ocr_line' id='line_1_5' title="bbox 249 395 2041 445; baseline -0.003 -10"><span class='ocrx_word' id='word_1_45' title='bbox 249 410 306 435; x_wconf 80' lang='lat' dir='ltr'>nut</span> <span class='ocrx_word' id='word_1_46' title='bbox 336 408 465 445; x_wconf 88' lang='lat' dir='ltr'>propter</span> <span class='ocrx_word' id='word_1_47' title='bbox 492 403 668 434; x_wconf 79' lang='lat' dir='ltr'><strong>absentiam</strong></span> <span class='ocrx_word' id='word_1_48' title='bbox 695 401 856 431; x_wconf 87' lang='lat' dir='ltr'>desiderio</span> <span class='ocrx_word' id='word_1_49' title='bbox 883 411 946 431; x_wconf 88' lang='lat' dir='ltr'>non</span> <span class='ocrx_word' id='word_1_50' title='bbox 966 401 1108 432; x_wconf 78' lang='lat' dir='ltr'>adficiat.</span> <span class='ocrx_word' id='word_1_51' title='bbox 1134 402 1216 431; x_wconf 89' lang='lat' dir='ltr'><strong>Post</strong></span> <span class='ocrx_word' id='word_1_52' title='bbox 1240 401 1372 431; x_wconf 83' lang='lat' dir='ltr'>verbum</span> <span class='ocrx_word' id='word_1_53' title='bbox 1401 395 1494 445; x_wconf 51' lang='lat' dir='ltr'>223)ss</span> <span class='ocrx_word' id='word_1_54' title='bbox 1520 402 1681 432; x_wconf 91' lang='lat' dir='ltr'>obiectum</span> <span class='ocrx_word' id='word_1_55' title='bbox 1708 397 1860 444; x_wconf 86' lang='lat' dir='ltr'>(amicos)</span> <span class='ocrx_word' id='word_1_56' title='bbox 1886 403 2041 431; x_wconf 89' lang='lat' dir='ltr'>omissum</span> 
     </span>
     <span class='ocr_line' id='line_1_6' title="bbox 246 463 2039 505; baseline -0.003 -7"><span class='ocrx_word' id='word_1_57' title='bbox 246 473 310 499; x_wconf 88' lang='lat' dir='ltr'>est.</span> <span class='ocrx_word' id='word_1_58' title='bbox 346 466 439 505; x_wconf 86' lang='lat' dir='ltr'>Quod</span> <span class='ocrx_word' id='word_1_59' title='bbox 465 466 600 495; x_wconf 88' lang='lat' dir='ltr'>verbum</span> <span class='ocrx_word' id='word_1_60' title='bbox 627 474 722 503; x_wconf 89' lang='lat' dir='ltr'>quum</span> <span class='ocrx_word' id='word_1_61' title='bbox 750 469 813 493; x_wconf 87' lang='lat' dir='ltr'>tam</span> <span class='ocrx_word' id='word_1_62' title='bbox 840 464 974 493; x_wconf 90' lang='lat' dir='ltr'>multum</span> <span class='ocrx_word' id='word_1_63' title='bbox 1001 473 1094 503; x_wconf 91' lang='lat' dir='ltr'>quam</span> <span class='ocrx_word' id='word_1_64' title='bbox 1120 473 1257 503; x_wconf 88' lang='lat' dir='ltr'>paucum</span> <span class='ocrx_word' id='word_1_65' title='bbox 1286 463 1467 493; x_wconf 84' lang='lat' dir='ltr'>discessum</span> <span class='ocrx_word' id='word_1_66' title='bbox 1493 463 1675 503; x_wconf 79' lang='lat' dir='ltr'>significare</span> <span class='ocrx_word' id='word_1_67' title='bbox 1693 465 1811 503; x_wconf 88' lang='lat' dir='ltr'>possit,</span> <span class='ocrx_word' id='word_1_68' title='bbox 1839 468 2039 504; x_wconf 33' lang='lat' dir='ltr'>vocem&amp;</span> 
     </span>
     <span class='ocr_line' id='line_1_7' title="bbox 245 525 2040 565; baseline -0.003 -4"><span class='ocrx_word' id='word_1_69' title='bbox 245 541 366 561; x_wconf 87' lang='lat' dir='ltr'>sensus</span> <span class='ocrx_word' id='word_1_70' title='bbox 393 528 576 560; x_wconf 76' lang='lat' dir='ltr'>accuratius</span> <span class='ocrx_word' id='word_1_71' title='bbox 604 526 774 556; x_wconf 80' lang='lat' dir='ltr'>definiendi</span> <span class='ocrx_word' id='word_1_72' title='bbox 802 535 897 556; x_wconf 86' lang='lat' dir='ltr'>causa</span> <span class='ocrx_word' id='word_1_73' title='bbox 925 535 995 555; x_wconf 92' lang='lat' dir='ltr'>cum</span> <span class='ocrx_word' id='word_1_74' title='bbox 1023 535 1062 555; x_wconf 90' lang='lat' dir='ltr'>eo</span> <span class='ocrx_word' id='word_1_75' title='bbox 1089 526 1252 556; x_wconf 72' lang='lat' dir='ltr'>coniunxit</span> <span class='ocrx_word' id='word_1_76' title='bbox 1278 526 1296 557; x_wconf 91' lang='lat' dir='ltr'>i.</span> <span class='ocrx_word' id='word_1_77' title='bbox 1324 536 1353 555; x_wconf 89' lang='lat' dir='ltr'>e.</span> <span class='ocrx_word' id='word_1_78' title='bbox 1382 525 1454 555; x_wconf 86' lang='lat' dir='ltr'>Una</span> <span class='ocrx_word' id='word_1_79' title='bbox 1479 526 1551 555; x_wconf 90' lang='lat' dir='ltr'>vice</span> <span class='ocrx_word' id='word_1_80' title='bbox 1578 531 1654 565; x_wconf 85' lang='lat' dir='ltr'>post</span> <span class='ocrx_word' id='word_1_81' title='bbox 1671 526 1802 556; x_wconf 88' lang='lat' dir='ltr'>alteram</span> <span class='ocrx_word' id='word_1_82' title='bbox 1821 525 1971 565; x_wconf 81' lang='lat' dir='ltr'>discessi,</span> <span class='ocrx_word' id='word_1_83' title='bbox 1998 525 2040 555; x_wconf 86' lang='lat' dir='ltr'>ita</span> 
     </span>
    </p>
   </div>
   <div class='ocr_carea' id='block_1_4' title="bbox 248 587 2039 703">
    <p class='ocr_par' dir='ltr' id='par_1_4' title="bbox 248 587 2039 703">
     <span class='ocr_line' id='line_1_8' title="bbox 248 587 1692 627; baseline -0.004 -3"><span class='ocrx_word' id='word_1_84' title='bbox 248 599 282 624; x_wconf 85' lang='lat' dir='ltr'>ut</span> <span class='ocrx_word' id='word_1_85' title='bbox 309 594 361 623; x_wconf 83' lang='lat' dir='ltr'>vel</span> <span class='ocrx_word' id='word_1_86' title='bbox 387 592 488 622; x_wconf 83' lang='lat' dir='ltr'>donec</span> <span class='ocrx_word' id='word_1_87' title='bbox 517 590 555 620; x_wconf 92' lang='lat' dir='ltr'>ob</span> <span class='ocrx_word' id='word_1_88' title='bbox 583 588 845 619; x_wconf 87' lang='lat' dir='ltr'>consuetudinem</span> <span class='ocrx_word' id='word_1_89' title='bbox 874 587 1059 618; x_wconf 86' lang='lat' dir='ltr'>discedendi</span> <span class='ocrx_word' id='word_1_90' title='bbox 1087 588 1264 619; x_wconf 85' lang='lat' dir='ltr'>absentiam</span> <span class='ocrx_word' id='word_1_91' title='bbox 1291 598 1352 618; x_wconf 88' lang='lat' dir='ltr'>non</span> <span class='ocrx_word' id='word_1_92' title='bbox 1380 588 1512 627; x_wconf 91' lang='lat' dir='ltr'>amplius</span> <span class='ocrx_word' id='word_1_93' title='bbox 1536 597 1692 618; x_wconf 83' lang='lat' dir='ltr'>curarem.</span> 
     </span>
     <span class='ocr_line' id='line_1_9' title="bbox 248 658 2039 703; baseline -0.004 -9"><span class='ocrx_word' id='word_1_94' title='bbox 248 668 279 695; x_wconf 76' lang='lat'>2.</span> <span class='ocrx_word' id='word_1_95' title='bbox 300 666 351 694; x_wconf 85' lang='lat' dir='ltr'>Ila</span> <span class='ocrx_word' id='word_1_96' title='bbox 363 658 488 703; x_wconf 74' lang='lat' dir='ltr'>factmiz</span> <span class='ocrx_word' id='word_1_97' title='bbox 505 665 562 700; x_wconf 72' lang='lat' dir='ltr'>est,</span> <span class='ocrx_word' id='word_1_98' title='bbox 578 665 616 691; x_wconf 82' lang='lat' dir='ltr'>at</span> <span class='ocrx_word' id='word_1_99' title='bbox 628 663 734 690; x_wconf 76' lang='lat' dir='ltr'>(mima</span> <span class='ocrx_word' id='word_1_100' title='bbox 750 671 819 690; x_wconf 84' lang='lat' dir='ltr'>mea</span> <span class='ocrx_word' id='word_1_101' title='bbox 834 661 1009 689; x_wconf 81' lang='lat' dir='ltr'>absentiam</span> <span class='ocrx_word' id='word_1_102' title='bbox 1025 662 1181 697; x_wconf 75' lang='lat' dir='ltr'>patienter</span> <span class='ocrx_word' id='word_1_103' title='bbox 1186 662 1276 700; x_wconf 82' lang='lat' dir='ltr'>ferat</span> <span class='ocrx_word' id='word_1_104' title='bbox 1281 671 1294 698; x_wconf 91' lang='lat'><em>;</em></span> <span class='ocrx_word' id='word_1_105' title='bbox 1317 664 1349 689; x_wconf 86' lang='lat' dir='ltr'>et</span> <span class='ocrx_word' id='word_1_106' title='bbox 1358 660 1441 689; x_wconf 82' lang='lat' dir='ltr'>oculi</span> <span class='ocrx_word' id='word_1_107' title='bbox 1450 661 1513 688; x_wconf 80' lang='lat' dir='ltr'>mei</span> <span class='ocrx_word' id='word_1_108' title='bbox 1522 661 1633 689; x_wconf 80' lang='lat' dir='ltr'>amicis</span> <span class='ocrx_word' id='word_1_109' title='bbox 1645 661 1824 690; x_wconf 69' lang='lat' dir='ltr'>absentibus</span> <span class='ocrx_word' id='word_1_110' title='bbox 1836 659 2039 688; x_wconf 77' lang='lat' dir='ltr'>dormiebant.</span> 
     </span>
    </p>
   </div>
   <div class='ocr_carea' id='block_1_5' title="bbox 246 726 2041 1646">
    <p class='ocr_par' dir='ltr' id='par_1_5' title="bbox 246 726 2041 1589">
     <span class='ocr_line' id='line_1_10' title="bbox 345 726 2039 770; baseline -0.003 -7"><span class='ocrx_word' id='word_1_111' title='bbox 345 733 547 763; x_wconf 85' lang='lat' dir='ltr'>Sententiam</span> <span class='ocrx_word' id='word_1_112' title='bbox 576 731 691 770; x_wconf 86' lang='lat' dir='ltr'>prioris</span> <span class='ocrx_word' id='word_1_113' title='bbox 718 740 836 760; x_wconf 88' lang='lat' dir='ltr'>versus</span> <span class='ocrx_word' id='word_1_114' title='bbox 871 730 972 770; x_wconf 81' lang='lat' dir='ltr'>magis</span> <span class='ocrx_word' id='word_1_115' title='bbox 1008 734 1154 764; x_wconf 75' lang='lat' dir='ltr'>exornat,</span> <span class='ocrx_word' id='word_1_116' title='bbox 1194 731 1336 760; x_wconf 85' lang='lat' dir='ltr'>Verbum</span> <span class='ocrx_word' id='word_1_117' title='bbox 1371 726 1487 765; x_wconf 45' lang='lat' dir='ltr'>wls?</span> <span class='ocrx_word' id='word_1_118' title='bbox 1525 728 1645 759; x_wconf 90' lang='lat' dir='ltr'>initium</span> <span class='ocrx_word' id='word_1_119' title='bbox 1684 728 1873 758; x_wconf 89' lang='lat' dir='ltr'>conditionis</span> <span class='ocrx_word' id='word_1_120' title='bbox 1907 729 2039 769; x_wconf 85' lang='lat' dir='ltr'>indicat,</span> 
     </span>
     <span class='ocr_line' id='line_1_11' title="bbox 247 789 2040 836; baseline -0.003 -11"><span class='ocrx_word' id='word_1_121' title='bbox 247 800 440 836; x_wconf 86' lang='lat' dir='ltr'>quapropter</span> <span class='ocrx_word' id='word_1_122' title='bbox 469 795 625 824; x_wconf 87' lang='lat' dir='ltr'>obiectum</span> <span class='ocrx_word' id='word_1_123' title='bbox 653 794 840 824; x_wconf 83' lang='lat' dir='ltr'>nonhabet.</span> <span class='ocrx_word' id='word_1_124' title='bbox 869 794 1010 824; x_wconf 78' lang='lat' dir='ltr'>Verbum</span> <span class='ocrx_word' id='word_1_125' title='bbox 1023 789 1108 834; x_wconf 56' lang='lat' dir='ltr'>&amp;fb</span> <span class='ocrx_word' id='word_1_126' title='bbox 1126 793 1311 823; x_wconf 91' lang='lat' dir='ltr'>convolv</span> <span class='ocrx_word' id='word_1_127' title='bbox 1324 792 1435 830; x_wconf 88' lang='lat' dir='ltr'>endi,</span> <span class='ocrx_word' id='word_1_128' title='bbox 1463 790 1698 829; x_wconf 90' lang='lat' dir='ltr'>complican</span> <span class='ocrx_word' id='word_1_129' title='bbox 1709 790 1746 821; x_wconf 92' lang='lat' dir='ltr'>di</span> <span class='ocrx_word' id='word_1_130' title='bbox 1772 790 2040 831; x_wconf 84' lang='lat' dir='ltr'>significationem</span> 
     </span>
     <span class='ocr_line' id='line_1_12' title="bbox 246 853 2040 899; baseline -0.004 -9"><span class='ocrx_word' id='word_1_131' title='bbox 246 860 351 890; x_wconf 87' lang='lat' dir='ltr'>habet.</span> <span class='ocrx_word' id='word_1_132' title='bbox 382 859 496 889; x_wconf 87' lang='lat' dir='ltr'>Anima</span> <span class='ocrx_word' id='word_1_133' title='bbox 521 859 619 899; x_wconf 84' lang='lat' dir='ltr'>igitur</span> <span class='ocrx_word' id='word_1_134' title='bbox 646 862 796 896; x_wconf 86' lang='lat' dir='ltr'>tanquam</span> <span class='ocrx_word' id='word_1_135' title='bbox 825 857 928 887; x_wconf 88' lang='lat' dir='ltr'>vestis</span> <span class='ocrx_word' id='word_1_136' title='bbox 955 866 1054 896; x_wconf 87' lang='lat' dir='ltr'>super</span> <span class='ocrx_word' id='word_1_137' title='bbox 1081 856 1257 886; x_wconf 83' lang='lat' dir='ltr'>absentiam</span> <span class='ocrx_word' id='word_1_138' title='bbox 1285 855 1510 895; x_wconf 80' lang='lat' dir='ltr'>complicatur,</span> <span class='ocrx_word' id='word_1_139' title='bbox 1548 859 1584 884; x_wconf 90' lang='lat' dir='ltr'>ut</span> <span class='ocrx_word' id='word_1_140' title='bbox 1610 863 1673 883; x_wconf 90' lang='lat' dir='ltr'>uon</span> <span class='ocrx_word' id='word_1_141' title='bbox 1700 858 1875 894; x_wconf 74' lang='lat' dir='ltr'>appareat,</span> <span class='ocrx_word' id='word_1_142' title='bbox 1905 863 1965 892; x_wconf 92' lang='lat' dir='ltr'>quo</span> <span class='ocrx_word' id='word_1_143' title='bbox 1989 853 2040 882; x_wconf 89' lang='lat' dir='ltr'>lo-</span> 
     </span>
     <span class='ocr_line' id='line_1_13' title="bbox 246 915 2040 964; baseline -0.005 -10"><span class='ocrx_word' id='word_1_144' title='bbox 246 923 362 964; x_wconf 88' lang='lat' dir='ltr'>quendi</span> <span class='ocrx_word' id='word_1_145' title='bbox 388 922 481 953; x_wconf 88' lang='lat' dir='ltr'>modo</span> <span class='ocrx_word' id='word_1_146' title='bbox 509 921 704 962; x_wconf 84' lang='lat' dir='ltr'>significant,</span> <span class='ocrx_word' id='word_1_147' title='bbox 731 920 887 959; x_wconf 85' lang='lat' dir='ltr'>quendam</span> <span class='ocrx_word' id='word_1_148' title='bbox 905 919 1056 958; x_wconf 86' lang='lat' dir='ltr'>patientia</span> <span class='ocrx_word' id='word_1_149' title='bbox 1082 928 1177 948; x_wconf 91' lang='lat' dir='ltr'>usum</span> <span class='ocrx_word' id='word_1_150' title='bbox 1204 927 1270 947; x_wconf 88' lang='lat' dir='ltr'>rem</span> <span class='ocrx_word' id='word_1_151' title='bbox 1296 917 1380 948; x_wconf 87' lang='lat' dir='ltr'>ferre</span> <span class='ocrx_word' id='word_1_152' title='bbox 1409 922 1442 946; x_wconf 90' lang='lat' dir='ltr'>et</span> <span class='ocrx_word' id='word_1_153' title='bbox 1470 919 1500 947; x_wconf 92' lang='lat' dir='ltr'>in</span> <span class='ocrx_word' id='word_1_154' title='bbox 1529 919 1633 946; x_wconf 86' lang='lat' dir='ltr'>animo</span> <span class='ocrx_word' id='word_1_155' title='bbox 1665 915 1878 956; x_wconf 77' lang='lat' dir='ltr'>abscondere,</span> <span class='ocrx_word' id='word_1_156' title='bbox 1912 918 1945 945; x_wconf 89' lang='lat' dir='ltr'>ut</span> <span class='ocrx_word' id='word_1_157' title='bbox 1972 915 2040 945; x_wconf 81' lang='lat' dir='ltr'>eius</span> 
     </span>
     <span class='ocr_line' id='line_1_14' title="bbox 247 973 2039 1021; baseline -0.006 -5"><span class='ocrx_word' id='word_1_158' title='bbox 247 987 298 1017; x_wconf 89' lang='lat' dir='ltr'>vis</span> <span class='ocrx_word' id='word_1_159' title='bbox 324 988 356 1016; x_wconf 91' lang='lat' dir='ltr'>iu</span> <span class='ocrx_word' id='word_1_160' title='bbox 383 984 514 1014; x_wconf 79' lang='lat' dir='ltr'>tristitia</span> <span class='ocrx_word' id='word_1_161' title='bbox 541 983 652 1013; x_wconf 90' lang='lat' dir='ltr'>vultus</span> <span class='ocrx_word' id='word_1_162' title='bbox 678 992 740 1012; x_wconf 89' lang='lat' dir='ltr'>non</span> <span class='ocrx_word' id='word_1_163' title='bbox 767 986 932 1021; x_wconf 79' lang='lat' dir='ltr'>appareat.</span> <span class='ocrx_word' id='word_1_164' title='bbox 964 980 1087 1010; x_wconf 83' lang='lat' dir='ltr'>Eodem</span> <span class='ocrx_word' id='word_1_165' title='bbox 1112 979 1205 1010; x_wconf 89' lang='lat' dir='ltr'>ruodo</span> <span class='ocrx_word' id='word_1_166' title='bbox 1235 979 1345 1009; x_wconf 85' lang='lat' dir='ltr'>dicunt</span> <span class='ocrx_word' id='word_1_167' title='bbox 1370 977 1442 1015; x_wconf 58' lang='grc' dir='ltr'>ιιᾼε</span> <span class='ocrx_word' id='word_1_168' title='bbox 1467 975 1590 1007; x_wconf 52' lang='lat' dir='ltr'>uskxkt&gt;l</span> <span class='ocrx_word' id='word_1_169' title='bbox 1615 973 1700 1019; x_wconf 45' lang='grc' dir='ltr'>ς5319</span> <span class='ocrx_word' id='word_1_170' title='bbox 1724 974 1846 1020; x_wconf 83' lang='lat' dir='ltr'>(conf.</span> <span class='ocrx_word' id='word_1_171' title='bbox 1875 978 1981 1007; x_wconf 84' lang='lat' dir='ltr'>Harir.</span> <span class='ocrx_word' id='word_1_172' title='bbox 2009 987 2039 1017; x_wconf 88' lang='lat' dir='ltr'>p.</span> 
     </span>
     <span class='ocr_line' id='line_1_15' title="bbox 246 1039 2041 1086; baseline -0.006 -8"><span class='ocrx_word' id='word_1_173' title='bbox 246 1051 294 1079; x_wconf 67' lang='lat' dir='ltr'>oo‘l</span> <span class='ocrx_word' id='word_1_174' title='bbox 321 1048 424 1080; x_wconf 78' lang='lat' dir='ltr'>schol.</span> <span class='ocrx_word' id='word_1_175' title='bbox 451 1046 552 1086; x_wconf 84' lang='lat' dir='ltr'>infr.).</span> <span class='ocrx_word' id='word_1_176' title='bbox 582 1046 704 1085; x_wconf 82' lang='lat' dir='ltr'>Magna</span> <span class='ocrx_word' id='word_1_177' title='bbox 729 1048 835 1074; x_wconf 84' lang='lat' dir='ltr'>autem</span> <span class='ocrx_word' id='word_1_178' title='bbox 864 1043 991 1073; x_wconf 81' lang='lat' dir='ltr'>tristitia</span> <span class='ocrx_word' id='word_1_179' title='bbox 1017 1043 1166 1073; x_wconf 85' lang='lat' dir='ltr'>adfectus</span> <span class='ocrx_word' id='word_1_180' title='bbox 1194 1052 1290 1082; x_wconf 90' lang='lat' dir='ltr'>quum</span> <span class='ocrx_word' id='word_1_181' title='bbox 1316 1051 1429 1071; x_wconf 89' lang='lat' dir='ltr'>somno</span> <span class='ocrx_word' id='word_1_182' title='bbox 1454 1041 1610 1082; x_wconf 79' lang='lat' dir='ltr'>privetur,</span> <span class='ocrx_word' id='word_1_183' title='bbox 1639 1050 1677 1070; x_wconf 88' lang='lat' dir='ltr'>se</span> <span class='ocrx_word' id='word_1_184' title='bbox 1703 1040 1819 1080; x_wconf 90' lang='lat' dir='ltr'>ipsum,</span> <span class='ocrx_word' id='word_1_185' title='bbox 1845 1040 1896 1077; x_wconf 93' lang='lat' dir='ltr'>qui</span> <span class='ocrx_word' id='word_1_186' title='bbox 1925 1040 1963 1069; x_wconf 92' lang='lat' dir='ltr'>ob</span> <span class='ocrx_word' id='word_1_187' title='bbox 1991 1039 2041 1069; x_wconf 90' lang='lat' dir='ltr'>di-</span> 
     </span>
     <span class='ocr_line' id='line_1_16' title="bbox 248 1102 2040 1146; baseline -0.006 -4"><span class='ocrx_word' id='word_1_188' title='bbox 248 1113 404 1142; x_wconf 88' lang='lat' dir='ltr'>lectorum</span> <span class='ocrx_word' id='word_1_189' title='bbox 418 1109 596 1140; x_wconf 83' lang='lat' dir='ltr'>absentiam</span> <span class='ocrx_word' id='word_1_190' title='bbox 609 1107 711 1137; x_wconf 89' lang='lat' dir='ltr'>tristis</span> <span class='ocrx_word' id='word_1_191' title='bbox 729 1107 858 1146; x_wconf 84' lang='lat' dir='ltr'>nonsit,</span> <span class='ocrx_word' id='word_1_192' title='bbox 885 1116 1032 1136; x_wconf 88' lang='lat' dir='ltr'>somnum</span> <span class='ocrx_word' id='word_1_193' title='bbox 1060 1115 1176 1145; x_wconf 88' lang='lat' dir='ltr'>capere</span> <span class='ocrx_word' id='word_1_194' title='bbox 1202 1105 1287 1135; x_wconf 89' lang='lat' dir='ltr'>dicit.</span> <span class='ocrx_word' id='word_1_195' title='bbox 1329 1104 1470 1134; x_wconf 91' lang='lat' dir='ltr'>Somnus</span> <span class='ocrx_word' id='word_1_196' title='bbox 1486 1102 1652 1142; x_wconf 89' lang='lat' dir='ltr'>quioculis</span> <span class='ocrx_word' id='word_1_197' title='bbox 1668 1102 1790 1133; x_wconf 88' lang='lat' dir='ltr'>clausis</span> <span class='ocrx_word' id='word_1_198' title='bbox 1805 1107 1950 1143; x_wconf 81' lang='lat' dir='ltr'>apparet,</span> <span class='ocrx_word' id='word_1_199' title='bbox 1979 1102 2040 1141; x_wconf 90' lang='lat' dir='ltr'>ipsi</span> 
     </span>
     <span class='ocr_line' id='line_1_17' title="bbox 248 1166 2040 1209; baseline -0.004 -6"><span class='ocrx_word' id='word_1_200' title='bbox 248 1174 342 1204; x_wconf 88' lang='lat' dir='ltr'>oculo</span> <span class='ocrx_word' id='word_1_201' title='bbox 372 1172 529 1201; x_wconf 84' lang='lat' dir='ltr'>tribuitur.</span> <span class='ocrx_word' id='word_1_202' title='bbox 574 1170 666 1199; x_wconf 86' lang='lat' dir='ltr'>Duae</span> <span class='ocrx_word' id='word_1_203' title='bbox 703 1174 809 1198; x_wconf 86' lang='lat' dir='ltr'>autem</span> <span class='ocrx_word' id='word_1_204' title='bbox 848 1174 924 1197; x_wconf 85' lang='lat' dir='ltr'>suut</span> <span class='ocrx_word' id='word_1_205' title='bbox 955 1177 1093 1209; x_wconf 87' lang='lat' dir='ltr'>causae,</span> <span class='ocrx_word' id='word_1_206' title='bbox 1122 1178 1179 1197; x_wconf 91' lang='lat' dir='ltr'>cur</span> <span class='ocrx_word' id='word_1_207' title='bbox 1206 1168 1276 1208; x_wconf 89' lang='lat' dir='ltr'>quis</span> <span class='ocrx_word' id='word_1_208' title='bbox 1309 1168 1348 1196; x_wconf 93' lang='lat' dir='ltr'>ob</span> <span class='ocrx_word' id='word_1_209' title='bbox 1376 1167 1589 1196; x_wconf 77' lang='lat' dir='ltr'>calamitatem</span> <span class='ocrx_word' id='word_1_210' title='bbox 1617 1166 1745 1196; x_wconf 86' lang='lat' dir='ltr'>tristitia</span> <span class='ocrx_word' id='word_1_211' title='bbox 1774 1176 1836 1196; x_wconf 92' lang='lat' dir='ltr'>non</span> <span class='ocrx_word' id='word_1_212' title='bbox 1863 1166 2040 1206; x_wconf 83' lang='lat' dir='ltr'>adficiatur,</span> 
     </span>
     <span class='ocr_line' id='line_1_18' title="bbox 248 1228 2038 1273; baseline -0.004 -8"><span class='ocrx_word' id='word_1_213' title='bbox 248 1246 311 1266; x_wconf 89' lang='lat' dir='ltr'>una</span> <span class='ocrx_word' id='word_1_214' title='bbox 338 1237 366 1265; x_wconf 91' lang='lat' dir='ltr'>in</span> <span class='ocrx_word' id='word_1_215' title='bbox 394 1244 433 1264; x_wconf 87' lang='lat' dir='ltr'>eo</span> <span class='ocrx_word' id='word_1_216' title='bbox 462 1233 580 1273; x_wconf 85' lang='lat' dir='ltr'>posita,</span> <span class='ocrx_word' id='word_1_217' title='bbox 607 1231 690 1271; x_wconf 90' lang='lat' dir='ltr'>quod</span> <span class='ocrx_word' id='word_1_218' title='bbox 717 1231 903 1262; x_wconf 81' lang='lat' dir='ltr'>calamitatis</span> <span class='ocrx_word' id='word_1_219' title='bbox 929 1230 1190 1260; x_wconf 85' lang='lat' dir='ltr'>consuetudinem</span> <span class='ocrx_word' id='word_1_220' title='bbox 1218 1234 1328 1260; x_wconf 81' lang='lat' dir='ltr'>nactus</span> <span class='ocrx_word' id='word_1_221' title='bbox 1357 1232 1409 1259; x_wconf 82' lang='lat' dir='ltr'>sit.</span> <span class='ocrx_word' id='word_1_222' title='bbox 1440 1230 1531 1258; x_wconf 83' lang='lat' dir='ltr'>Haec</span> <span class='ocrx_word' id='word_1_223' title='bbox 1546 1229 1716 1269; x_wconf 86' lang='lat' dir='ltr'>proverbio</span> <span class='ocrx_word' id='word_1_224' title='bbox 1738 1229 1923 1269; x_wconf 85' lang='lat' dir='ltr'>exprimitur</span> <span class='ocrx_word' id='word_1_225' title='bbox 1939 1228 2038 1266; x_wconf 85' lang='lat' dir='ltr'>(cons.</span> 
     </span>
     <span class='ocr_line' id='line_1_19' title="bbox 248 1291 2041 1337; baseline -0.006 -8"><span class='ocrx_word' id='word_1_226' title='bbox 248 1299 345 1329; x_wconf 82' lang='lat' dir='ltr'>Meid.</span> <span class='ocrx_word' id='word_1_227' title='bbox 375 1298 412 1328; x_wconf 90' lang='lat' dir='ltr'>C.</span> <span class='ocrx_word' id='word_1_228' title='bbox 445 1297 500 1337; x_wconf 76' lang='lat'>15,</span> <span class='ocrx_word' id='word_1_229' title='bbox 528 1297 605 1333; x_wconf 77' lang='lat'>26.)</span> <span class='ocrx_word' id='word_1_230' title='bbox 637 1296 783 1326; x_wconf 77' lang='lat' dir='ltr'>»Pecora</span> <span class='ocrx_word' id='word_1_231' title='bbox 811 1299 914 1324; x_wconf 85' lang='lat' dir='ltr'>morte</span> <span class='ocrx_word' id='word_1_232' title='bbox 944 1294 1061 1335; x_wconf 89' lang='lat' dir='ltr'>amisit,</span> <span class='ocrx_word' id='word_1_233' title='bbox 1088 1294 1132 1324; x_wconf 88' lang='lat' dir='ltr'>ita</span> <span class='ocrx_word' id='word_1_234' title='bbox 1159 1297 1194 1323; x_wconf 91' lang='lat' dir='ltr'>ut</span> <span class='ocrx_word' id='word_1_235' title='bbox 1222 1293 1262 1322; x_wconf 88' lang='lat' dir='ltr'>de</span> <span class='ocrx_word' id='word_1_236' title='bbox 1291 1293 1473 1322; x_wconf 83' lang='lat' dir='ltr'>calamitate</span> <span class='ocrx_word' id='word_1_237' title='bbox 1500 1301 1562 1321; x_wconf 90' lang='lat' dir='ltr'>non</span> <span class='ocrx_word' id='word_1_238' title='bbox 1589 1296 1774 1330; x_wconf 79' lang='lat' dir='ltr'>queratur.«</span> <span class='ocrx_word' id='word_1_239' title='bbox 1805 1291 1918 1321; x_wconf 82' lang='lat' dir='ltr'>Altera</span> <span class='ocrx_word' id='word_1_240' title='bbox 1943 1299 2041 1320; x_wconf 89' lang='lat' dir='ltr'>causa</span> 
     </span>
     <span class='ocr_line' id='line_1_20' title="bbox 248 1353 2041 1401; baseline -0.006 -9"><span class='ocrx_word' id='word_1_241' title='bbox 248 1362 278 1392; x_wconf 89' lang='lat' dir='ltr'>in</span> <span class='ocrx_word' id='word_1_242' title='bbox 305 1371 342 1391; x_wconf 87' lang='lat' dir='ltr'>eo</span> <span class='ocrx_word' id='word_1_243' title='bbox 369 1361 525 1401; x_wconf 83' lang='lat' dir='ltr'>cernitur,</span> <span class='ocrx_word' id='word_1_244' title='bbox 554 1358 637 1398; x_wconf 89' lang='lat' dir='ltr'>quod</span> <span class='ocrx_word' id='word_1_245' title='bbox 664 1368 760 1399; x_wconf 90' lang='lat' dir='ltr'>quum</span> <span class='ocrx_word' id='word_1_246' title='bbox 789 1359 859 1397; x_wconf 88' lang='lat' dir='ltr'>quis</span> <span class='ocrx_word' id='word_1_247' title='bbox 889 1358 1104 1387; x_wconf 85' lang='lat' dir='ltr'>calamitatem</span> <span class='ocrx_word' id='word_1_248' title='bbox 1131 1360 1351 1396; x_wconf 79' lang='lat' dir='ltr'>exspectaret,</span> <span class='ocrx_word' id='word_1_249' title='bbox 1379 1364 1419 1384; x_wconf 78' lang='lat' dir='ltr'>ea</span> <span class='ocrx_word' id='word_1_250' title='bbox 1446 1354 1606 1393; x_wconf 84' lang='lat' dir='ltr'>inopinato</span> <span class='ocrx_word' id='word_1_251' title='bbox 1635 1364 1695 1383; x_wconf 90' lang='lat' dir='ltr'>non</span> <span class='ocrx_word' id='word_1_252' title='bbox 1723 1357 1944 1394; x_wconf 85' lang='lat' dir='ltr'>superveniat.</span> <span class='ocrx_word' id='word_1_253' title='bbox 1973 1353 2041 1392; x_wconf 88' lang='lat' dir='ltr'>Sic,</span> 
     </span>
     <span class='ocr_line' id='line_1_21' title="bbox 248 1417 2041 1465; baseline -0.004 -11"><span class='ocrx_word' id='word_1_254' title='bbox 248 1434 343 1465; x_wconf 88' lang='lat' dir='ltr'>quum</span> <span class='ocrx_word' id='word_1_255' title='bbox 372 1434 412 1453; x_wconf 84' lang='lat' dir='ltr'>ex</span> <span class='ocrx_word' id='word_1_256' title='bbox 439 1423 579 1453; x_wconf 81' lang='lat' dir='ltr'>Ohmaro</span> <span class='ocrx_word' id='word_1_257' title='bbox 607 1422 636 1451; x_wconf 89' lang='lat' dir='ltr'>b.</span> <span class='ocrx_word' id='word_1_258' title='bbox 666 1420 937 1451; x_wconf 81' lang='lat' dir='ltr'>Ahbd-Alahsis</span> <span class='ocrx_word' id='word_1_259' title='bbox 972 1423 1203 1459; x_wconf 86' lang='lat' dir='ltr'>quaereretur,</span> <span class='ocrx_word' id='word_1_260' title='bbox 1245 1427 1301 1448; x_wconf 89' lang='lat' dir='ltr'>cur</span> <span class='ocrx_word' id='word_1_261' title='bbox 1337 1417 1376 1446; x_wconf 92' lang='lat' dir='ltr'>ob</span> <span class='ocrx_word' id='word_1_262' title='bbox 1405 1417 1619 1446; x_wconf 83' lang='lat' dir='ltr'>calamitatem</span> <span class='ocrx_word' id='word_1_263' title='bbox 1647 1417 1836 1448; x_wconf 85' lang='lat' dir='ltr'>incidentem</span> <span class='ocrx_word' id='word_1_264' title='bbox 1864 1426 2041 1447; x_wconf 87' lang='lat' dir='ltr'>moerorem</span> 
     </span>
     <span class='ocr_line' id='line_1_22' title="bbox 248 1468 2040 1525; baseline -0.008 -9"><span class='ocrx_word' id='word_1_265' title='bbox 248 1497 309 1516; x_wconf 88' lang='lat' dir='ltr'>non</span> <span class='ocrx_word' id='word_1_266' title='bbox 337 1486 529 1525; x_wconf 87' lang='lat' dir='ltr'>conciperet,</span> <span class='ocrx_word' id='word_1_267' title='bbox 557 1483 645 1524; x_wconf 81' lang='lat' dir='ltr'>dixit,</span> <span class='ocrx_word' id='word_1_268' title='bbox 670 1493 705 1514; x_wconf 81' lang='lat' dir='ltr'>se</span> <span class='ocrx_word' id='word_1_269' title='bbox 732 1493 796 1513; x_wconf 85' lang='lat' dir='ltr'>rem</span> <span class='ocrx_word' id='word_1_270' title='bbox 823 1487 1048 1521; x_wconf 80' lang='lat' dir='ltr'>exspectasse.</span> <span class='ocrx_word' id='word_1_271' title='bbox 1075 1482 1109 1510; x_wconf 84' lang='lat' dir='ltr'>In</span> <span class='ocrx_word' id='word_1_272' title='bbox 1137 1480 1249 1511; x_wconf 84' lang='lat' dir='ltr'>codice</span> <span class='ocrx_word' id='word_1_273' title='bbox 1273 1479 1409 1509; x_wconf 77' lang='lat' dir='ltr'>&#39;rebrisii</span> <span class='ocrx_word' id='word_1_274' title='bbox 1436 1479 1510 1509; x_wconf 90' lang='lat' dir='ltr'>voci</span> <span class='ocrx_word' id='word_1_275' title='bbox 1528 1468 1646 1509; x_wconf 41' lang='lat' dir='ltr'>„sm-35</span> <span class='ocrx_word' id='word_1_276' title='bbox 1676 1489 1740 1510; x_wconf 80' lang='lat' dir='ltr'>vox</span> <span class='ocrx_word' id='word_1_277' title='bbox 1773 1477 1920 1515; x_wconf 36' lang='lat' dir='ltr'>Quat-:Ji</span> <span class='ocrx_word' id='word_1_278' title='bbox 1948 1479 2040 1519; x_wconf 68' lang='lat' dir='ltr'>(tan-</span> 
     </span>
     <span class='ocr_line' id='line_1_23' title="bbox 249 1544 1104 1589; baseline -0.007 -10"><span class='ocrx_word' id='word_1_279' title='bbox 249 1559 341 1589; x_wconf 80' lang='lat' dir='ltr'>quam</span> <span class='ocrx_word' id='word_1_280' title='bbox 369 1549 451 1578; x_wconf 88' lang='lat' dir='ltr'>alter</span> <span class='ocrx_word' id='word_1_281' title='bbox 476 1545 602 1587; x_wconf 84' lang='lat' dir='ltr'>legendi</span> <span class='ocrx_word' id='word_1_282' title='bbox 632 1545 765 1585; x_wconf 87' lang='lat' dir='ltr'>modus)</span> <span class='ocrx_word' id='word_1_283' title='bbox 794 1544 1015 1585; x_wconf 83' lang='lat' dir='ltr'>superscripta</span> <span class='ocrx_word' id='word_1_284' title='bbox 1042 1548 1104 1573; x_wconf 88' lang='lat' dir='ltr'>est.</span> 
     </span>
    </p>

    <p class='ocr_par' dir='ltr' id='par_1_6' title="bbox 1028 1612 1252 1646">
     <span class='ocr_line' id='line_1_24' title="bbox 1028 1612 1252 1646; baseline 0 -1"><span class='ocrx_word' id='word_1_285' title='bbox 1028 1612 1252 1646; x_wconf 74' lang='lat' dir='ltr'><strong>Lxxlx.</strong></span> 
     </span>
    </p>
   </div>
   <div class='ocr_carea' id='block_1_6' title="bbox 878 1663 1411 1708">
    <p class='ocr_par' dir='ltr' id='par_1_7' title="bbox 878 1663 1411 1708">
     <span class='ocr_line' id='line_1_25' title="bbox 878 1663 1411 1708; baseline -0.008 -7"><span class='ocrx_word' id='word_1_286' title='bbox 878 1666 1022 1701; x_wconf 74' lang='lat' dir='ltr'>Alius</span> <span class='ocrx_word' id='word_1_287' title='bbox 1045 1666 1249 1708; x_wconf 78' lang='lat' dir='ltr'>quidam</span> <span class='ocrx_word' id='word_1_288' title='bbox 1272 1663 1411 1698; x_wconf 71' lang='lat' dir='ltr'>(lixit.</span> 
     </span>
    </p>
   </div>
   <div class='ocr_carea' id='block_1_7' title="bbox 248 1722 2041 1855">
    <p class='ocr_par' dir='ltr' id='par_1_8' title="bbox 248 1722 2041 1855">
     <span class='ocr_line' id='line_1_26' title="bbox 348 1722 2041 1767; baseline -0.006 -6"><span class='ocrx_word' id='word_1_289' title='bbox 348 1730 585 1762; x_wconf 87' lang='lat' dir='ltr'>Grammaticus</span> <span class='ocrx_word' id='word_1_290' title='bbox 612 1723 812 1759; x_wconf 78' lang='lat' dir='ltr'>Abu-l&#39;Ahla</span> <span class='ocrx_word' id='word_1_291' title='bbox 840 1727 1024 1767; x_wconf 84' lang='lat' dir='ltr'>Moarredjo</span> <span class='ocrx_word' id='word_1_292' title='bbox 1052 1726 1227 1757; x_wconf 83' lang='lat' dir='ltr'>Sadusitae</span> <span class='ocrx_word' id='word_1_293' title='bbox 1265 1733 1383 1753; x_wconf 84' lang='lat' dir='ltr'>versus</span> <span class='ocrx_word' id='word_1_294' title='bbox 1427 1723 1544 1753; x_wconf 87' lang='lat' dir='ltr'>tribuit.</span> <span class='ocrx_word' id='word_1_295' title='bbox 1590 1722 1694 1752; x_wconf 88' lang='lat' dir='ltr'>Huius</span> <span class='ocrx_word' id='word_1_296' title='bbox 1735 1731 1914 1762; x_wconf 85' lang='lat' dir='ltr'>cognomen</span> <span class='ocrx_word' id='word_1_297' title='bbox 1948 1723 2041 1752; x_wconf 81' lang='lat' dir='ltr'>Abu-</span> 
     </span>
     <span class='ocr_line' id='line_1_27' title="bbox 248 1777 2039 1855; baseline -0.006 -19"><span class='ocrx_word' id='word_1_298' title='bbox 248 1806 328 1836; x_wconf 87' lang='lat' dir='ltr'>Faid</span> <span class='ocrx_word' id='word_1_299' title='bbox 355 1811 434 1836; x_wconf 86' lang='lat' dir='ltr'>erat.</span> <span class='ocrx_word' id='word_1_300' title='bbox 473 1806 600 1835; x_wconf 90' lang='lat' dir='ltr'>Nomen</span> <span class='ocrx_word' id='word_1_301' title='bbox 628 1813 647 1834; x_wconf 87' lang='lat' dir='ltr'>a</span> <span class='ocrx_word' id='word_1_302' title='bbox 672 1803 771 1832; x_wconf 82' lang='lat' dir='ltr'>verbo</span> <span class='ocrx_word' id='word_1_303' title='bbox 799 1791 858 1855; x_wconf 52' lang='lat' dir='ltr'>g]</span> <span class='ocrx_word' id='word_1_304' title='bbox 888 1801 988 1840; x_wconf 79' lang='lat' dir='ltr'>(bono</span> <span class='ocrx_word' id='word_1_305' title='bbox 1016 1801 1114 1831; x_wconf 87' lang='lat' dir='ltr'>odore</span> <span class='ocrx_word' id='word_1_306' title='bbox 1142 1809 1205 1830; x_wconf 88' lang='lat' dir='ltr'>rem</span> <span class='ocrx_word' id='word_1_307' title='bbox 1231 1799 1369 1839; x_wconf 86' lang='lat' dir='ltr'>imbuit),</span> <span class='ocrx_word' id='word_1_308' title='bbox 1397 1799 1489 1828; x_wconf 88' lang='lat' dir='ltr'>cuius</span> <span class='ocrx_word' id='word_1_309' title='bbox 1516 1797 1710 1828; x_wconf 85' lang='lat' dir='ltr'>adiectivum</span> <span class='ocrx_word' id='word_1_310' title='bbox 1738 1777 1801 1849; x_wconf 53' lang='lat' dir='ltr'>a}</span> <span class='ocrx_word' id='word_1_311' title='bbox 1823 1801 1854 1827; x_wconf 89' lang='lat' dir='ltr'>et</span> <span class='ocrx_word' id='word_1_312' title='bbox 1881 1795 1949 1847; x_wconf 51' lang='grc' dir='ltr'>ὃς)</span> <span class='ocrx_word' id='word_1_313' title='bbox 1977 1802 2039 1826; x_wconf 84' lang='lat' dir='ltr'>est.</span> 
     </span>
    </p>
   </div>
   <div class='ocr_carea' id='block_1_8' title="bbox 249 1861 2044 2490">
    <p class='ocr_par' dir='ltr' id='par_1_9' title="bbox 249 1861 2040 1920">
     <span class='ocr_line' id='line_1_28' title="bbox 249 1861 2040 1920; baseline -0.006 -9"><span class='ocrx_word' id='word_1_314' title='bbox 249 1882 390 1912; x_wconf 72' lang='lat' dir='ltr'>Verbum</span> <span class='ocrx_word' id='word_1_315' title='bbox 419 1890 544 1920; x_wconf 89' lang='lat' dir='ltr'>quoque</span> <span class='ocrx_word' id='word_1_316' title='bbox 571 1878 839 1920; x_wconf 85' lang='lat' dir='ltr'>significationem</span> <span class='ocrx_word' id='word_1_317' title='bbox 866 1876 1102 1907; x_wconf 88' lang='lat' dir='ltr'>accendere</span> <span class='ocrx_word' id='word_1_318' title='bbox 1129 1875 1277 1905; x_wconf 87' lang='lat' dir='ltr'>bellum</span> <span class='ocrx_word' id='word_1_319' title='bbox 1303 1874 1411 1903; x_wconf 85' lang='lat' dir='ltr'>habet.</span> <span class='ocrx_word' id='word_1_320' title='bbox 1448 1873 1526 1902; x_wconf 87' lang='lat' dir='ltr'>Inde</span> <span class='ocrx_word' id='word_1_321' title='bbox 1554 1873 1603 1901; x_wconf 91' lang='lat' dir='ltr'>vir</span> <span class='ocrx_word' id='word_1_322' title='bbox 1642 1882 1659 1901; x_wconf 88' lang='lat' dir='ltr'>e</span> <span class='ocrx_word' id='word_1_323' title='bbox 1688 1861 1784 1912; x_wconf 74' lang='lat' dir='ltr'>gente</span> <span class='ocrx_word' id='word_1_324' title='bbox 1811 1871 1891 1911; x_wconf 89' lang='lat' dir='ltr'>lhdjl</span> <span class='ocrx_word' id='word_1_325' title='bbox 1918 1880 2040 1912; x_wconf 86' lang='lat' dir='ltr'>coguo-</span> 
     </span>
    </p>

    <p class='ocr_par' dir='ltr' id='par_1_10' title="bbox 249 1933 1999 1983">
     <span class='ocr_line' id='line_1_29' title="bbox 249 1933 1999 1983; baseline -0.007 -9"><span class='ocrx_word' id='word_1_326' title='bbox 249 1953 322 1975; x_wconf 89' lang='lat' dir='ltr'>meu</span> <span class='ocrx_word' id='word_1_327' title='bbox 349 1943 510 1982; x_wconf 85' lang='lat' dir='ltr'>Moarredj</span> <span class='ocrx_word' id='word_1_328' title='bbox 539 1943 674 1983; x_wconf 85' lang='lat' dir='ltr'>accepit,</span> <span class='ocrx_word' id='word_1_329' title='bbox 703 1942 753 1981; x_wconf 91' lang='lat' dir='ltr'>qui</span> <span class='ocrx_word' id='word_1_330' title='bbox 782 1941 896 1970; x_wconf 89' lang='lat' dir='ltr'>bellum</span> <span class='ocrx_word' id='word_1_331' title='bbox 925 1939 1137 1969; x_wconf 86' lang='lat' dir='ltr'>accendisset.</span> <span class='ocrx_word' id='word_1_332' title='bbox 1166 1938 1292 1969; x_wconf 80' lang='lat' dir='ltr'>Vocem</span> <span class='ocrx_word' id='word_1_333' title='bbox 1319 1938 1383 1973; x_wconf 44' lang='lat'>&amp;⁸25</span> <span class='ocrx_word' id='word_1_334' title='bbox 1411 1935 1516 1966; x_wconf 83' lang='lat' dir='ltr'>solia</span> <span class='ocrx_word' id='word_1_335' title='bbox 1543 1934 1655 1964; x_wconf 91' lang='lat' dir='ltr'>croci</span> <span class='ocrx_word' id='word_1_336' title='bbox 1682 1933 1855 1974; x_wconf 81' lang='lat' dir='ltr'>designare</span> <span class='ocrx_word' id='word_1_337' title='bbox 1883 1933 1999 1963; x_wconf 87' lang='lat' dir='ltr'>dicunt.</span> 
     </span>
    </p>

    <p class='ocr_par' dir='ltr' id='par_1_11' title="bbox 250 2005 2044 2104">
     <span class='ocr_line' id='line_1_30' title="bbox 250 2005 2044 2056; baseline -0.007 -12"><span class='ocrx_word' id='word_1_338' title='bbox 250 2011 321 2056; x_wconf 69' lang='lat' dir='ltr'>[p.</span> <span class='ocrx_word' id='word_1_339' title='bbox 346 2013 477 2054; x_wconf 72' lang='grc'><strong>136.)</strong></span> <span class='ocrx_word' id='word_1_340' title='bbox 500 2015 528 2044; x_wconf 83' lang='lat' dir='ltr'>I.</span> <span class='ocrx_word' id='word_1_341' title='bbox 552 2015 650 2044; x_wconf 72' lang='lat' dir='ltr'>Abila</span> <span class='ocrx_word' id='word_1_342' title='bbox 675 2016 845 2042; x_wconf 78' lang='lat' dir='ltr'>amicorum</span> <span class='ocrx_word' id='word_1_343' title='bbox 870 2014 1002 2041; x_wconf 77' lang='lat' dir='ltr'>territus</span> <span class='ocrx_word' id='word_1_344' title='bbox 1024 2021 1104 2045; x_wconf 79' lang='lat' dir='ltr'>sum,</span> <span class='ocrx_word' id='word_1_345' title='bbox 1128 2013 1165 2039; x_wconf 82' lang='lat' dir='ltr'>ut</span> <span class='ocrx_word' id='word_1_346' title='bbox 1185 2018 1248 2037; x_wconf 82' lang='lat' dir='ltr'>non</span> <span class='ocrx_word' id='word_1_347' title='bbox 1271 2008 1406 2045; x_wconf 82' lang='lat' dir='ltr'>amplms</span> <span class='ocrx_word' id='word_1_348' title='bbox 1426 2016 1460 2035; x_wconf 81' lang='lat' dir='ltr'>eo</span> <span class='ocrx_word' id='word_1_349' title='bbox 1484 2010 1605 2034; x_wconf 77' lang='lat' dir='ltr'>terrear</span> <span class='ocrx_word' id='word_1_350' title='bbox 1623 2009 1653 2034; x_wconf 83' lang='lat' dir='ltr'>el</span> <span class='ocrx_word' id='word_1_351' title='bbox 1668 2005 1907 2040; x_wconf 76' lang='lat' dir='ltr'>calamitatibus,</span> <span class='ocrx_word' id='word_1_352' title='bbox 1931 2005 2044 2043; x_wconf 72' lang='lat' dir='ltr'>quihus</span> 
     </span>
     <span class='ocr_line' id='line_1_31' title="bbox 815 2061 1478 2104; baseline -0.008 -10"><span class='ocrx_word' id='word_1_353' title='bbox 815 2069 847 2094; x_wconf 79' lang='lat' dir='ltr'>in</span> <span class='ocrx_word' id='word_1_354' title='bbox 864 2065 991 2104; x_wconf 79' lang='lat' dir='ltr'>familia</span> <span class='ocrx_word' id='word_1_355' title='bbox 1016 2074 1084 2092; x_wconf 82' lang='lat' dir='ltr'>mea</span> <span class='ocrx_word' id='word_1_356' title='bbox 1109 2065 1282 2100; x_wconf 74' lang='lat' dir='ltr'>vicinisque</span> <span class='ocrx_word' id='word_1_357' title='bbox 1303 2061 1478 2099; x_wconf 77' lang='lat' dir='ltr'>adficiebar.</span> 
     </span>
    </p>

    <p class='ocr_par' dir='ltr' id='par_1_12' title="bbox 250 2127 2042 2423">
     <span class='ocr_line' id='line_1_32' title="bbox 351 2127 2042 2176; baseline -0.007 -9"><span class='ocrx_word' id='word_1_358' title='bbox 351 2138 452 2167; x_wconf 85' lang='lat' dir='ltr'>Poeta</span> <span class='ocrx_word' id='word_1_359' title='bbox 476 2136 563 2176; x_wconf 88' lang='lat' dir='ltr'>dicit,</span> <span class='ocrx_word' id='word_1_360' title='bbox 590 2145 627 2165; x_wconf 91' lang='lat' dir='ltr'>se</span> <span class='ocrx_word' id='word_1_361' title='bbox 654 2135 888 2166; x_wconf 86' lang='lat' dir='ltr'>calamitatibus</span> <span class='ocrx_word' id='word_1_362' title='bbox 915 2133 1015 2163; x_wconf 89' lang='lat' dir='ltr'>variis</span> <span class='ocrx_word' id='word_1_363' title='bbox 1042 2142 1143 2171; x_wconf 84' lang='lat' dir='ltr'>saepe</span> <span class='ocrx_word' id='word_1_364' title='bbox 1172 2131 1319 2170; x_wconf 77' lang='lat' dir='ltr'>repetitis</span> <span class='ocrx_word' id='word_1_365' title='bbox 1347 2130 1515 2160; x_wconf 84' lang='lat' dir='ltr'>adsuetum</span> <span class='ocrx_word' id='word_1_366' title='bbox 1543 2138 1606 2158; x_wconf 86' lang='lat' dir='ltr'>non</span> <span class='ocrx_word' id='word_1_367' title='bbox 1630 2129 1764 2168; x_wconf 84' lang='lat' dir='ltr'>amplius</span> <span class='ocrx_word' id='word_1_368' title='bbox 1793 2127 1865 2158; x_wconf 90' lang='lat' dir='ltr'>inde</span> <span class='ocrx_word' id='word_1_369' title='bbox 1892 2133 2042 2157; x_wconf 88' lang='lat' dir='ltr'>terrorem</span> 
     </span>
     <span class='ocr_line' id='line_1_33' title="bbox 251 2187 2042 2238; baseline -0.007 -9"><span class='ocrx_word' id='word_1_370' title='bbox 251 2200 431 2238; x_wconf 88' lang='lat' dir='ltr'>concipere.</span> <span class='ocrx_word' id='word_1_371' title='bbox 459 2198 527 2228; x_wconf 81' lang='lat' dir='ltr'>Sed</span> <span class='ocrx_word' id='word_1_372' title='bbox 554 2208 595 2228; x_wconf 80' lang='lat' dir='ltr'>ex</span> <span class='ocrx_word' id='word_1_373' title='bbox 622 2208 722 2227; x_wconf 86' lang='lat' dir='ltr'>versu</span> <span class='ocrx_word' id='word_1_374' title='bbox 751 2201 904 2236; x_wconf 81' lang='lat' dir='ltr'>sequente</span> <span class='ocrx_word' id='word_1_375' title='bbox 932 2194 1091 2234; x_wconf 82' lang='lat' dir='ltr'>videmus,</span> <span class='ocrx_word' id='word_1_376' title='bbox 1119 2198 1246 2232; x_wconf 88' lang='lat' dir='ltr'>poetam</span> <span class='ocrx_word' id='word_1_377' title='bbox 1274 2191 1397 2221; x_wconf 82' lang='lat' dir='ltr'>nonnisi</span> <span class='ocrx_word' id='word_1_378' title='bbox 1424 2190 1624 2220; x_wconf 81' lang='lat' dir='ltr'>calamitates</span> <span class='ocrx_word' id='word_1_379' title='bbox 1640 2194 1814 2229; x_wconf 86' lang='lat' dir='ltr'>spectasse</span> <span class='ocrx_word' id='word_1_380' title='bbox 1829 2198 1871 2218; x_wconf 83' lang='lat' dir='ltr'>ex</span> <span class='ocrx_word' id='word_1_381' title='bbox 1883 2187 2042 2217; x_wconf 87' lang='lat' dir='ltr'>hominum</span> 
     </span>
     <span class='ocr_line' id='line_1_34' title="bbox 251 2244 2042 2299; baseline -0.008 -8"><span class='ocrx_word' id='word_1_382' title='bbox 251 2262 435 2292; x_wconf 86' lang='lat' dir='ltr'>dilectorum</span> <span class='ocrx_word' id='word_1_383' title='bbox 464 2260 561 2299; x_wconf 86' lang='lat' dir='ltr'>abitu,</span> <span class='ocrx_word' id='word_1_384' title='bbox 591 2264 690 2288; x_wconf 88' lang='lat' dir='ltr'>morte</span> <span class='ocrx_word' id='word_1_385' title='bbox 717 2263 773 2288; x_wconf 81' lang='lat' dir='ltr'>aut</span> <span class='ocrx_word' id='word_1_386' title='bbox 799 2257 971 2287; x_wconf 85' lang='lat' dir='ltr'>aversione</span> <span class='ocrx_word' id='word_1_387' title='bbox 999 2259 1098 2284; x_wconf 88' lang='lat' dir='ltr'>ortas.</span> <span class='ocrx_word' id='word_1_388' title='bbox 1124 2253 1234 2283; x_wconf 85' lang='lat' dir='ltr'>Verba</span> <span class='ocrx_word' id='word_1_389' title='bbox 1260 2256 1363 2282; x_wconf 84' lang='lat' dir='ltr'>autem</span> <span class='ocrx_word' id='word_1_390' title='bbox 1391 2246 1538 2290; x_wconf 47' lang='lat' dir='ltr'>..agl-adia,</span> <span class='ocrx_word' id='word_1_391' title='bbox 1568 2256 1631 2280; x_wconf 85' lang='lat' dir='ltr'>etc.</span> <span class='ocrx_word' id='word_1_392' title='bbox 1659 2260 1730 2280; x_wconf 92' lang='lat' dir='ltr'>cum</span> <span class='ocrx_word' id='word_1_393' title='bbox 1755 2259 1836 2280; x_wconf 86' lang='lat' dir='ltr'>voce</span> <span class='ocrx_word' id='word_1_394' title='bbox 1851 2244 1944 2294; x_wconf 54' lang='lat' dir='ltr'>cru-lb</span> <span class='ocrx_word' id='word_1_395' title='bbox 1962 2257 2042 2278; x_wconf 83' lang='lat' dir='ltr'>con-</span> 
     </span>
     <span class='ocr_line' id='line_1_35' title="bbox 250 2311 2041 2365; baseline -0.007 -13"><span class='ocrx_word' id='word_1_396' title='bbox 250 2322 413 2362; x_wconf 85' lang='lat' dir='ltr'>iungenda</span> <span class='ocrx_word' id='word_1_397' title='bbox 439 2326 533 2359; x_wconf 91' lang='lat' dir='ltr'>sunt,</span> <span class='ocrx_word' id='word_1_398' title='bbox 561 2329 631 2350; x_wconf 89' lang='lat' dir='ltr'>nam</span> <span class='ocrx_word' id='word_1_399' title='bbox 657 2328 768 2350; x_wconf 86' lang='lat' dir='ltr'>sensus</span> <span class='ocrx_word' id='word_1_400' title='bbox 794 2319 965 2348; x_wconf 81' lang='lat' dir='ltr'>verborum</span> <span class='ocrx_word' id='word_1_401' title='bbox 991 2315 1019 2345; x_wconf 64' lang='lat' dir='ltr'>ad</span> <span class='ocrx_word' id='word_1_402' title='bbox 1047 2313 1105 2365; x_wconf 58' lang='lat'>{352</span> <span class='ocrx_word' id='word_1_403' title='bbox 1135 2313 1159 2342; x_wconf 69' lang='lat' dir='ltr'>la</span> <span class='ocrx_word' id='word_1_404' title='bbox 1183 2320 1257 2356; x_wconf 46' lang='grc' dir='ltr'>ὦ».</span> <span class='ocrx_word' id='word_1_405' title='bbox 1284 2313 1323 2343; x_wconf 89' lang='lat' dir='ltr'>ad</span> <span class='ocrx_word' id='word_1_406' title='bbox 1349 2312 1401 2342; x_wconf 78' lang='lat' dir='ltr'>illa</span> <span class='ocrx_word' id='word_1_407' title='bbox 1429 2321 1558 2352; x_wconf 88' lang='lat' dir='ltr'>quoque</span> <span class='ocrx_word' id='word_1_408' title='bbox 1586 2314 1735 2351; x_wconf 88' lang='lat' dir='ltr'>pertinet.</span> <span class='ocrx_word' id='word_1_409' title='bbox 1776 2312 1837 2342; x_wconf 90' lang='lat' dir='ltr'>Pro</span> <span class='ocrx_word' id='word_1_410' title='bbox 1868 2311 1985 2355; x_wconf 39' lang='lat'>3555»</span> <span class='ocrx_word' id='word_1_411' title='bbox 2013 2311 2041 2340; x_wconf 91' lang='lat' dir='ltr'>in</span> 
     </span>
     <span class='ocr_line' id='line_1_36' title="bbox 252 2376 1297 2423; baseline -0.011 -8"><span class='ocrx_word' id='word_1_412' title='bbox 252 2384 360 2414; x_wconf 79' lang='lat' dir='ltr'>codice</span> <span class='ocrx_word' id='word_1_413' title='bbox 387 2384 546 2413; x_wconf 80' lang='lat' dir='ltr'>Mersukii</span> <span class='ocrx_word' id='word_1_414' title='bbox 572 2378 689 2423; x_wconf 54' lang='lat'>&amp;3559</span> <span class='ocrx_word' id='word_1_415' title='bbox 718 2386 755 2410; x_wconf 87' lang='lat' dir='ltr'>et</span> <span class='ocrx_word' id='word_1_416' title='bbox 785 2380 990 2410; x_wconf 85' lang='lat' dir='ltr'>fratribus</span> <span class='ocrx_word' id='word_1_417' title='bbox 1018 2379 1121 2406; x_wconf 87' lang='lat' dir='ltr'>meis</span> <span class='ocrx_word' id='word_1_418' title='bbox 1148 2376 1297 2416; x_wconf 85' lang='lat' dir='ltr'>legimus.</span> 
     </span>
    </p>

    <p class='ocr_par' dir='ltr' id='par_1_13' title="bbox 318 2457 2040 2490">
     <span class='ocr_line' id='line_1_37' title="bbox 318 2457 2040 2490; baseline -0.006 0"><span class='ocrx_word' id='word_1_419' title='bbox 318 2468 417 2490; x_wconf 75' lang='lat' dir='ltr'>Bazrae</span> <span class='ocrx_word' id='word_1_420' title='bbox 438 2470 515 2489; x_wconf 70' lang='lat' dir='ltr'>natus</span> <span class='ocrx_word' id='word_1_421' title='bbox 534 2469 560 2489; x_wconf 81' lang='lat' dir='ltr'>et</span> <span class='ocrx_word' id='word_1_422' title='bbox 578 2466 706 2488; x_wconf 76' lang='lat' dir='ltr'>educatus</span> <span class='ocrx_word' id='word_1_423' title='bbox 725 2467 791 2486; x_wconf 82' lang='lat' dir='ltr'>erat.</span> <span class='ocrx_word' id='word_1_424' title='bbox 829 2463 857 2485; x_wconf 91' lang='lat' dir='ltr'>lu</span> <span class='ocrx_word' id='word_1_425' title='bbox 881 2465 978 2489; x_wconf 68' lang='lat' dir='ltr'>satyra</span> <span class='ocrx_word' id='word_1_426' title='bbox 1006 2459 1084 2482; x_wconf 84' lang='lat' dir='ltr'>foedo</span> <span class='ocrx_word' id='word_1_427' title='bbox 1109 2464 1234 2481; x_wconf 79' lang='lat' dir='ltr'>sermone</span> <span class='ocrx_word' id='word_1_428' title='bbox 1261 2458 1394 2480; x_wconf 61' lang='lat' dir='ltr'>utebatur.</span> <span class='ocrx_word' id='word_1_429' title='bbox 1436 2458 1557 2481; x_wconf 79' lang='lat' dir='ltr'>Fratrem</span> <span class='ocrx_word' id='word_1_430' title='bbox 1584 2459 1676 2481; x_wconf 78' lang='lat' dir='ltr'>habuit</span> <span class='ocrx_word' id='word_1_431' title='bbox 1700 2457 1840 2480; x_wconf 76' lang='lat' dir='ltr'>Ahmedem</span> <span class='ocrx_word' id='word_1_432' title='bbox 1865 2458 2040 2488; x_wconf 76' lang='lat' dir='ltr'>appellatum,</span> 
     </span>
    </p>
   </div>
   <div class='ocr_carea' id='block_1_9' title="bbox 319 2503 2041 2582">
    <p class='ocr_par' dir='ltr' id='par_1_14' title="bbox 319 2503 2041 2582">
     <span class='ocr_line' id='line_1_38' title="bbox 319 2503 2041 2542; baseline -0.005 -7"><span class='ocrx_word' id='word_1_433' title='bbox 319 2516 440 2542; x_wconf 73' lang='lat' dir='ltr'>poetam,</span> <span class='ocrx_word' id='word_1_434' title='bbox 469 2512 554 2535; x_wconf 85' lang='lat' dir='ltr'>virum</span> <span class='ocrx_word' id='word_1_435' title='bbox 573 2514 690 2537; x_wconf 67' lang='lat' dir='ltr'>castum„</span> <span class='ocrx_word' id='word_1_436' title='bbox 719 2510 847 2538; x_wconf 77' lang='lat' dir='ltr'>probum,</span> <span class='ocrx_word' id='word_1_437' title='bbox 876 2507 946 2529; x_wconf 82' lang='lat' dir='ltr'>inter</span> <span class='ocrx_word' id='word_1_438' title='bbox 966 2504 1153 2528; x_wconf 77' lang='lat' dir='ltr'>Molitaselitas</span> <span class='ocrx_word' id='word_1_439' title='bbox 1174 2504 1302 2534; x_wconf 77' lang='lat' dir='ltr'>dignitate</span> <span class='ocrx_word' id='word_1_440' title='bbox 1322 2503 1468 2532; x_wconf 80' lang='lat' dir='ltr'>pollentem</span> <span class='ocrx_word' id='word_1_441' title='bbox 1487 2507 1513 2526; x_wconf 81' lang='lat' dir='ltr'>et</span> <span class='ocrx_word' id='word_1_442' title='bbox 1534 2504 1559 2527; x_wconf 89' lang='lat' dir='ltr'>in</span> <span class='ocrx_word' id='word_1_443' title='bbox 1578 2504 1677 2533; x_wconf 85' lang='lat' dir='ltr'>oppido</span> <span class='ocrx_word' id='word_1_444' title='bbox 1694 2509 1744 2526; x_wconf 87' lang='lat' dir='ltr'>suo</span> <span class='ocrx_word' id='word_1_445' title='bbox 1763 2506 1789 2526; x_wconf 83' lang='lat' dir='ltr'>et</span> <span class='ocrx_word' id='word_1_446' title='bbox 1807 2504 1876 2532; x_wconf 82' lang='lat' dir='ltr'>apud</span> <span class='ocrx_word' id='word_1_447' title='bbox 1896 2503 2041 2533; x_wconf 83' lang='lat' dir='ltr'>principem</span> 
     </span>
     <span class='ocr_line' id='line_1_39' title="bbox 319 2548 2040 2582; baseline -0.006 0"><span class='ocrx_word' id='word_1_448' title='bbox 319 2559 486 2582; x_wconf 73' lang='lat' dir='ltr'>honoratum.</span> <span class='ocrx_word' id='word_1_449' title='bbox 522 2558 598 2581; x_wconf 81' lang='lat' dir='ltr'>Hune</span> <span class='ocrx_word' id='word_1_450' title='bbox 618 2555 876 2580; x_wconf 77' lang='lat' dir='ltr'>Alibd-Alzamadus</span> <span class='ocrx_word' id='word_1_451' title='bbox 895 2552 995 2575; x_wconf 73' lang='lat' dir='ltr'>invidia</span> <span class='ocrx_word' id='word_1_452' title='bbox 1013 2553 1161 2580; x_wconf 64' lang='lat' dir='ltr'>satyraque</span> <span class='ocrx_word' id='word_1_453' title='bbox 1181 2550 1398 2578; x_wconf 70' lang='lat' dir='ltr'>persequebatur.</span> <span class='ocrx_word' id='word_1_454' title='bbox 1434 2548 1519 2580; x_wconf 74' lang='lat' dir='ltr'>Quum</span> <span class='ocrx_word' id='word_1_455' title='bbox 1537 2549 1641 2572; x_wconf 79' lang='lat' dir='ltr'>incolae</span> <span class='ocrx_word' id='word_1_456' title='bbox 1652 2549 1753 2571; x_wconf 80' lang='lat' dir='ltr'>Bazrae</span> <span class='ocrx_word' id='word_1_457' title='bbox 1764 2551 1884 2572; x_wconf 80' lang='lat' dir='ltr'>nostrum</span> <span class='ocrx_word' id='word_1_458' title='bbox 1897 2549 2040 2579; x_wconf 73' lang='lat' dir='ltr'>evitarent,</span> 
     </span>
    </p>
   </div>
   <div class='ocr_carea' id='block_1_10' title="bbox 318 2597 1482 2635">
    <p class='ocr_par' dir='ltr' id='par_1_15' title="bbox 318 2597 1482 2635">
     <span class='ocr_line' id='line_1_40' title="bbox 318 2597 1482 2635; baseline -0.008 -7"><span class='ocrx_word' id='word_1_459' title='bbox 318 2605 377 2628; x_wconf 83' lang='lat' dir='ltr'>inde</span> <span class='ocrx_word' id='word_1_460' title='bbox 397 2605 549 2635; x_wconf 78' lang='lat' dir='ltr'>Bagdadum</span> <span class='ocrx_word' id='word_1_461' title='bbox 568 2607 593 2627; x_wconf 85' lang='lat' dir='ltr'>et</span> <span class='ocrx_word' id='word_1_462' title='bbox 612 2603 638 2626; x_wconf 89' lang='lat' dir='ltr'>in</span> <span class='ocrx_word' id='word_1_463' title='bbox 657 2603 781 2632; x_wconf 81' lang='lat' dir='ltr'>oppidum</span> <span class='ocrx_word' id='word_1_464' title='bbox 800 2599 1043 2624; x_wconf 52' lang='lat' dir='ltr'>burra-mandauit</span> <span class='ocrx_word' id='word_1_465' title='bbox 1062 2599 1199 2629; x_wconf 80' lang='lat' dir='ltr'>migravit.</span> <span class='ocrx_word' id='word_1_466' title='bbox 1237 2598 1298 2621; x_wconf 83' lang='lat' dir='ltr'>Cit.</span> <span class='ocrx_word' id='word_1_467' title='bbox 1320 2597 1482 2628; x_wconf 76' lang='lat' dir='ltr'>Alaghau.</span> 
     </span>
    </p>
   </div>
  </div>
 </body>
</html>
