2247 2865
1098 120 1166 141 XXX

241 207 318 237 viris
340 206 399 236 illis
427 205 500 235 mihi
521 204 729 234 transmissus
753 208 812 233 est.
857 203 1056 241 Quamquam
1080 206 1184 231 autem
1209 200 1430 230 adnotationes
1454 200 1535 230 tales
1559 209 1619 229 uon
1642 204 1751 239 erant,
1781 201 1890 240 quales
1913 202 2033 231 futuras

242 270 318 291 esse
346 268 550 300 speraveram
580 257 701 291 (inveni
731 257 812 286 enim
842 261 965 295 praeter
994 257 1108 285 multos
1139 255 1295 284 Mersukii
1327 255 1437 293 locos,
1469 255 1558 283 cuius
1588 253 1844 283 commentarium
1875 264 1893 283 e
1920 254 2033 284 codice

242 314 450 356 Lugdunensi
473 318 571 343 totum
593 322 695 352 paene
718 312 787 351 ipse
811 310 1064 348 exscripseram‚
1095 309 1182 339 locos
1206 319 1247 340 cx
1270 309 1490 348 Ebn-Djinnii
1520 311 1744 340 commentario
1769 309 1948 349 desumtos,
1972 319 2032 340 nec

241 380 304 401 non
324 368 544 400 adnotationes
568 367 647 397 varii
670 365 845 405 argumenti
869 363 1090 401 doctissimos3
1113 363 1169 392 sed
1193 372 1341 401 perrarae
1364 368 1452 392 erant
1476 363 1696 393 adnotationes
1719 363 1757 392 de
1780 363 1928 392 versibus
1946 362 2033 393 diffi-

214 425 217 429 '
242 423 354 455 cilibus
376 423 407 452 in
430 420 653 452 commentario
677 417 811 448 'l'ebrisii
833 416 976 453 citatis)3
1008 421 1114 446 tamen
1142 425 1223 455 quae
1253 427 1293 446 ex
1324 418 1383 447 isto
1408 418 1484 447 libro
1513 417 1542 446 in
1566 426 1656 446 usum
1682 426 1784 446 meum
1809 418 2032 456 convenerim,

245 478 321 508 libro
344 487 415 507 meo
439 479 621 506 ornamento
645 482 719 503 esse
741 471 887 510 confido3
914 470 1005 500 cuius
1027 470 1070 499 rei
1089 475 1208 509 autem,
1232 480 1340 500 omnes
1364 472 1446 501 enim
1468 472 1546 501 istos
1568 472 1658 501 locos
1673 470 1824 505 indicavi,
1848 475 1950 500 testes
1969 471 2034 501 sint

243 533 302 564 viri
323 532 443 562 illarum
467 540 567 560 rerum
591 527 786 568 peritissimi,
816 525 1007 555 doctissimi!
1051 524 1139 554 Viris
1162 528 1267 554 autem
1289 534 1414 554 summe
1436 524 1640 559 venerandis,
1676 507 1885 554 bibliothecae
1909 524 2032 563 Regiae

244 586 375 618 Parisiis
398 584 607 621 curatoribus,
637 582 750 622 quibus
776 585 862 611 tanto
886 579 1039 611 beneficio
1063 581 1232 611 obstrictus
1255 591 1343 618 sum,
1372 591 1433 611 non
1459 590 1591 621 possum
1613 590 1675 611 non
1697 580 1825 610 meritas
1847 558 2032 618 debitasque

243 643 364 682 gratias
387 648 426 669 ex
451 640 554 668 animo
578 638 771 676 persolvere.

325 714 447 761 Scripsi
472 721 601 750 Bounae
625 719 664 750 ad
689 717 833 748 Rhenum
859 715 1010 746 Calendis
1035 716 1147 747 Octob.
1171 717 1241 747 anni
1267 716 1563 748 MDCCCXLVH.
