2247 2865
942 95 1207 127 —101—

175 198 385 238 comparavit.
413 198 488 229 Vox
506 208 579 244 Oj'*
603 196 716 228 nubem
743 196 845 226 albam
872 195 1034 236 designat,
1065 197 1154 226 cuius
1182 205 1276 236 aqua,
1303 205 1385 236 quae
1411 196 1440 226 in
1469 206 1560 228 usum
1587 207 1648 228 non
1681 198 1881 240 adhibeatur,
1908 209 1969 239 pu-

175 262 303 293 rissima
330 268 391 292 est.
420 262 538 293 Verbis
564 269 687 301 quoque
715 260 915 290 liberalitatis
943 259 1139 301 significatio
1168 268 1243 288 esse
1271 262 1378 298 potest
1405 259 1423 289 i.
1444 268 1472 289 e.
1499 269 1558 289 nos
1582 259 1683 290 instar
1710 262 1859 302 pluviae,
1891 271 1972 302 quae

174 324 352 354 hominibus
391 323 539 364 prodest,
577 332 690 352 sumus
727 327 760 352 et
800 322 940 362 pluviam
976 321 1176 351 deiicientem
1205 322 1372 361 explemus
1390 318 1424 365 ¹).
1469 321 1543 353 Rex
1571 323 1755 353 Almondsir
1794 334 1971 365 cognomen

177 396 253 426 aqu
265 396 283 417 a
310 386 419 417 coeli
432 386 566 425 accepit,
581 385 662 425 quod
677 385 853 415 hominibus
867 394 948 414 anno
964 384 1089 414 infertili
1105 384 1227 423 pressis
1241 384 1423 416 sum-cerat.
1452 385 1527 416 Vox
1545 385 1636 422 hyla-23
1660 386 1794 416 radicem
1811 386 1970 427 designat-

175 448 252 478 lnde
277 444 400 493 (fixa-dl
427 446 518 484 oab-m·
546 445 656 490 (cultri
683 442 893 488 manubrium)
921 446 1042 476 dicitur.
1086 447 1160 476 Vox
1187 445 1268 484 &2515
1295 458 1365 478 eum
1393 448 1561 489 designat,
1588 449 1681 479 cuius
1711 449 1822 489 cuspis
1850 450 1967 480 obtusa

175 513 226 540 est
248 510 267 539 i.
294 519 323 539 e.
349 509 575 549 Unusquisque
602 508 745 538 nostrum
773 513 958 548 penetrans,
987 513 1019 538 et
1050 517 1191 549 pergens
1221 515 1282 548 est,
1310 520 1413 550 neque
1440 512 1469 541 in
1497 513 1588 542 nobis
1614 522 1734 542 avarus
1763 518 1826 553 est,
1853 513 1903 552 qui
1936 513 1965 543 in

175 580 304 602 numero
330 575 473 611 ponatur.
500 571 679 602 Avaritiam
707 572 831 601 omnino
859 576 969 611 negat,
999 580 1130 601 avarum
1159 571 1241 600 inter
1268 572 1356 610 ipsos
1383 582 1484 614 esse,
1511 575 1561 613 qui
1593 580 1799 616 numeretur,
1826 584 1887 605 non
1915 574 1966 605 as-

176 633 289 665 firmat.
316 633 417 664 Simili
443 634 536 664 modo
564 639 658 674 poeta
684 644 814 665 sensum
841 633 1020 673 expressit:
1061 634 1170 671 (metr.
1199 633 1311 671 Sarih)
1340 635 1380 664 In
1410 645 1456 666 ea
1483 636 1686 668 lacertam
1711 647 1788 667 non
1826 638 1966 679 vides,

174 705 279 736 quae
305 696 343 726 in
368 695 591 726 latibulum
619 696 862 737 ingreditur
886 697 904 727 i.
932 705 959 726 e.
989 696 1028 726 ibi
1059 695 1144 726 nulla
1171 697 1296 726 omnino
1319 698 1441 729 lacerta
1470 703 1534 740 est,
1561 709 1644 739 quae
1670 700 1699 730 in
1726 700 1887 731 latibulum
1917 701 1968 730 in-

175 770 348 813 grediatur.
389 771 513 801 Dicitur
551 754 612 816 ρὲῖ
644 780 714 801 cum
749 771 856 801 futuro
891 755 964 816 ἐξ)
992 775 1025 800 et
1054 769 1115 815 &5
1143 781 1212 802 cum
1240 771 1345 802 futuro
1367 769 1468 813 „452
1496 778 1528 804 et
1553 775 1678 804 nomine
1705 776 1840 805 actionis
1865 774 1967 817 ΜΨ.

174 845 346 877 Adiectiva
359 842 446 885 Αἰξί
469 850 501 876 et
527 836 604 891 μμ)
631 851 715 877 sunt.
744 846 812 876 lloc
838 846 952 876 inviro
980 845 1073 876 debili
1092 846 1261 887 gladioque
1288 847 1402 878 obtuso
1426 848 1602 880 adhibetur.
1630 850 1849 881 Abu-nimius
1877 851 1967 892 dixit,

175 919 306 940 versum
333 910 483 940 vitiosum
511 919 599 950 esse,
621 909 765 949 quoniam
793 919 897 949 neque
925 913 980 938 aut
1006 909 1121 939 obtusa
1148 913 1201 941 aut
1221 914 1392 949 penetrans
1409 912 1501 941 nubis
1521 922 1602 952 aqua
1620 912 1680 943 dici
1698 916 1824 953 possit3
1852 919 1967 954 poetae

175 973 282 1014 potius
310 972 476 1005 dicendum
503 974 620 1004 fuisse:
659 982 716 1003 nos
752 977 935 1002 naturarum
972 972 1109 1012 puritate
1146 977 1179 1003 et
1217 973 1407 1003 liberalitate
1443 983 1592 1005 manuum
1618 977 1720 1005 instar
1745 986 1847 1016 aquae
1875 978 1968 1008 nubis

176 1046 288 1068 sumus
316 1037 335 1066 i.
363 1046 391 1066 e.
419 1041 453 1066 et
479 1045 535 1066 nos
560 1035 657 1077 gladii
674 1044 795 1075 sumus,
821 1035 871 1074 qui
888 1044 989 1073 neque
1010 1034 1114 1064 obtusi
1129 1033 1207 1064 flunt
1221 1044 1323 1074 neque
1338 1035 1495 1066 dedecore
1511 1036 1708 1067 lassitudinis
1724 1038 1915 1069 adficiuntur
1929 1036 1967 1082 ρ).

236 1115 245 1126 “
971 1122 985 1136 a

176 1148 228 1178 15.
249 1148 335 1181 IVos,
367 1150 398 1177 si
423 1147 584 1185 τοῐιιηιιιε,
618 1147 778 1176 hominum
806 1153 980 1174 sermonem
1010 1144 1229 1182 reprobanms;
1260 1146 1348 1174 nobis
1376 1155 1447 1175 vero
1477 1146 1653 1176 dicentibus
1683 1157 1774 1177 nemo
1796 1158 1969 1178 sermonem

890 1201 1034 1227 nostrum
1057 1199 1204 1236 reprobat
1213 1198 1255 1237 ³).

277 1283 360 1313 Huic
378 1282 486 1313 similis
504 1286 556 1312 est
572 1291 691 1311 versus
708 1281 809 1311 alius:
838 1277 942 1323 (metr.
955 1276 1096 1322 Thawil)
1122 1279 1324 1310 Homines
1351 1280 1518 1329 nodum,¹
1545 1292 1656 1321 quem
1685 1285 1968 1326 constringit,

177 1344 356 1374 solvere
382 1353 456 1374 non
483 1341 725 1383 possunt⁴);
753 1344 785 1373 is
811 1352 909 1373 vero
937 1351 1080 1373 eorum
1107 1341 1272 1383 nodum,
1300 1343 1382 1373 etsi
1408 1343 1559 1374 firmus
1588 1350 1678 1386 est,
1705 1346 1851 1376 solvit.

177 1453 231 1483 16.
255 1452 358 1489 Qucum
381 1462 397 1482 e
417 1454 504 1483 nobis
526 1453 670 1482 domitius
690 1453 824 1486 decedit,
849 1451 951 1480 locum
973 1453 1041 1482 eius
1064 1455 1196 1490 occupat
1216 1456 1338 1491 orator,
1361 1455 1445 1492 quod
1461 1457 1610 1491 qenerosi
1630 1455 1741 1484 dicunt
1745 1477 1756 1492 ,
1785 1457 1963 1493 perficiens.

275 1522 336 1552 Hic
366 1531 482 1552 versus
508 1522 617 1552 verbis
644 1519 806 1559 llatimi5)
833 1520 945 1550 similis
976 1526 1045 1551 est:
1084 1521 1193 1559 (metr.
1221 1521 1364 1561 Thawil)
1394 1522 1520 1560 Quum
1550 1533 1597 1553 ex
1623 1532 1766 1554 eorum
1793 1533 1965 1554 numero

178 1583 364 1614 dominus
383 1585 576 1622 moritur,
606 1587 701 1622 post
721 1592 807 1612 eum
828 1582 983 1612 similis
1004 1583 1159 1623 surgit,
1185 1583 1366 1622 quiloco
1385 1584 1479 1614 eius
1500 1590 1565 1616 est
1583 1586 1773 1616 etvicem
1800 1586 1964 1625 explet.

175 1693 226 1723 17.
248 1693 340 1730 lytris
361 1695 468 1721 noster
489 1695 584 1721 noem
604 1692 782 1720 advenienti
802 1693 964 1720 extinctus
986 1700 1049 1721 non
1070 1695 1119 1721 est
1138 1695 1170 1721 et
1190 1693 1305 1729 hospes
1325 1703 1384 1722 nos
1406 1703 1469 1723 non
1490 1696 1678 1732 vituperavit
1687 1694 1729 1733 εἱ).

275 1763 386 1804 Ignem
412 1761 639 1801 hospitalitatis
665 1760 848 1802 significare
875 1762 956 1793 vult.
1001 1761 1036 1791 Id
1062 1766 1130 1794 est:
1172 1762 1348 1801 efficimus,
1376 1768 1409 1793 ut
1435 1772 1561 1803 semper
1588 1763 1726 1805 flagret,
1754 1768 1787 1794 et
1813 1772 1874 1792 non
1901 1772 1963 1793 ex·

241 1873 312 1902 bent,
330 1872 485 1902 significare
504 1871 617 1894 videtur.
653 1871 689 1894 At
709 1878 774 1895 vero
795 1872 951 1895 Mersukius
972 1869 1046 1899 prius
1067 1870 1100 1892 ad
1117 1873 1209 1897 patres
1228 1870 1319 1899 refert,
1332 1878 1345 1893 e
1364 1871 1458 1900 quibus
1477 1871 1604 1901 originem
1622 1871 1757 1902 duxerint,
1776 1872 1910 1902 posterius
1929 1874 1961 1896 ad

246 1921 354 1947 matres,
372 1921 400 1941 ut
419 1920 470 1940 tam
491 1917 575 1946 patris
592 1923 668 1947 quam
689 1917 780 1940 matris
801 1917 928 1940 nobilitas
947 1916 1128 1945 describatur3
1148 1916 1192 1938 sed
1213 1917 1262 1939 hoc
1280 1916 1396 1939 admisso
1416 1917 1499 1940 verba
1518 1917 1669 1940 adscend
1682 1917 1762 1940 imus
1781 1917 1812 1940 in
1831 1917 1963 1948 optima

243 1972 349 1995 dorsa
366 1977 419 1994 non
430 1972 496 1995 bene
507 1971 653 1995 convenire
665 1972 795 1996 videntur.
817 1972 974 1995 Voxautem
995 1964 1085 2007 &³335
1106 1975 1233 2000 tempus
1254 1971 1420 2000 puritatis
1440 1971 1465 1995 in
1485 1972 1588 1996 feminis
1607 1972 1760 2003 significare
1778 1977 1863 2004 putat.
1887 1975 1958 1999 Ver-

244 2029 290 2046 sus
308 2026 396 2046 autem
415 2022 439 2046 ei
458 2023 527 2046 omui
546 2023 612 2046 vitio
633 2026 684 2046 tam
704 2023 845 2046 verborum
865 2030 941 2053 quam
960 2029 1057 2046 sensus
1076 2022 1151 2046 liberi
1173 2022 1304 2045 videntur.

197 2075 225 2104 1)
244 2074 344 2099 Cous.
364 2074 468 2098 Hamas.
491 2080 517 2104 p.
536 2071 599 2098 mr*
617 2081 642 2098 v.
661 2075 686 2098 7.
707 2082 732 2105 p.
749 2073 782 2100 ‘tu
803 2083 828 2100 v.
850 2077 873 2100 1.

193 2130 226 2158 2)
245 2129 452 2159 comparatione
471 2129 597 2153 instituta
614 2130 672 2153 sine
691 2131 768 2153 dubio
787 2131 858 2160 ipsos
879 2131 965 2155 instar
984 2132 1062 2156 nubis
1080 2138 1166 2162 aquae
1185 2138 1266 2161 purae
1285 2131 1356 2155 omni
1368 2131 1435 2156 vitto
1454 2136 1481 2156 et
1499 2132 1626 2156 dedecore
1644 2132 1744 2156 liberos
1763 2138 1821 2156 esse
1839 2132 1957 2156 indicare

246 2175 343 2198 voluit.
377 2175 406 2198 ln
425 2175 595 2205 sequentibus
614 2179 700 2199 nutem
720 2175 785 2199 duas
805 2177 963 2206 praecipuas
982 2178 1097 2202 virtutes
1124 2177 1304 2202 fortitudinem
1324 2182 1349 2202 et
1367 2178 1566 2209 liberalitatem,
1590 2184 1657 2209 quae
1676 2179 1809 2202 Arabihus
1832 2184 1958 2202 summam

247 2221 372 2244 virtutem
391 2220 567 2251 constituunt,
585 2227 652 2245 suae
669 2222 742 2252 genti
762 2222 863 2245 tribuit.

193 2265 224 2296 3)
244 2266 280 2290 De
298 2266 348 2289 hoc
366 2272 445 2289 versu
464 2266 590 2290 conferas
611 2267 708 2290 librum
729 2268 942 2292 Almookhtusur
967 2276 990 2299 p.
1010 2270 1072 2295 390.

193 2320 224 2351 4)
242 2321 271 2345 In
289 2320 420 2344 Mersukii
437 2321 628 2344 commentario
646 2318 755 2357 miz,
771 2318 862 2346 uos-‘kd
881 2322 1000 2353 legitur3
1018 2324 1062 2347 sed
1083 2327 1173 2348 noster
1185 2331 1287 2355 quoque
1306 2324 1411 2355 legendi
1430 2324 1523 2348 modus
1541 2323 1607 2348 ferri
1626 2325 1721 2353 potest.
1739 2323 1768 2346 ln
1788 2328 1867 2344 versu
1887 2327 1955 2352 gen-

243 2377 294 2397 tem
326 2379 401 2396 suam
426 2375 550 2402 tanquam
578 2375 700 2402 potentes
727 2373 894 2402 aliorumque
928 2374 1050 2398 dominos
1076 2375 1211 2398 describit.
1246 2375 1348 2399 Sensus
1375 2381 1480 2405 quoque
1504 2374 1668 2398 hemistichia
1695 2372 1845 2396 Alalischae
1872 2371 1957 2395 inest:

245 2418 308 2450 [με
335 2418 359 2450 &l
385 2420 463 2467 &ih-
489 2420 544 2467 Ol.)
570 2429 692 2467 0²²0&
715 2421 765 2460 δέ
783 2427 916 2459 »Quilibet
934 2428 990 2452 eius
1010 2427 1121 2451 asseclis
1139 2428 1308 2452 adnumerari
1327 2431 1434 2458 gratum
1455 2427 1583 2451 habebit«
1603 2427 1696 2454 (Metr.
1716 2425 1805 2448 Basith
1824 2424 1887 2456 est.)

195 2481 226 2508 ὃ)
245 2481 332 2504 Hatim
350 2479 468 2512 Tnajjita
486 2482 565 2511 paulo
584 2485 646 2505 ante
665 2482 870 2507 Mohammedem
891 2484 987 2508 vivens
1006 2484 1093 2508 conf.
1112 2483 1192 2507 Μυῖα.
1211 2483 1240 2506 Τ.
1259 2483 1304 2506 ΙΙΙ.
1324 2489 1350 2512 p.
1368 2482 1394 2505 2.
1415 2488 1438 2512 p.
1457 2481 1521 2504 271.

193 2527 224 2554 6)
244 2527 346 2550 Arabes
365 2530 444 2551 nocte
462 2527 693 2558 appropinquante
710 2527 736 2551 in
756 2528 824 2552 locis
841 2529 905 2554 altis
925 2530 1011 2561 ignem
1029 2530 1178 2554 accendere
1196 2527 1328 2558 solebant,
1347 2533 1399 2557 quo
1419 2527 1536 2550 viatores
1554 2525 1739 2549 allicerentur.
1766 2524 1858 2548 cons.
1879 2523 1957 2548 Meid.

245 2571 274 2596 c.
293 2572 322 2602 2,
340 2572 386 2598 72.
