2247 2865
968 90 1241 121 —566—

209 205 272 242 est,
299 203 334 229 ut
360 196 428 227 vita
457 192 682 224 Ebu-Babdali
710 195 742 222 et
770 199 892 228 eorum,
923 189 974 229 qui
1001 192 1090 230 genti
1119 189 1267 230 Omajjah
1294 189 1444 230 faveant,
1472 193 1600 229 petatur
1627 192 1661 218 et
1689 187 1942 219 Ahbd-Allahus
1968 190 1997 223 b.

208 261 358 295 Alsobair
384 256 506 288 meritis
534 259 566 285 et
592 264 714 296 genere
739 253 875 293 insignis
903 251 1073 282 occidatur.
1125 252 1227 282 Hisce
1253 251 1361 282 verbis
1393 250 1569 281 adversarii
1609 250 1842 289 vituperantur.
1894 250 2000 281 Parti-

208 326 312 357 culam
339 319 392 362 bl,
419 329 499 360 quae
526 319 564 349 ab
592 316 853 348 antecedentibus
881 319 1032 353 separata
1058 314 1109 352 sit,
1136 313 1298 353 particulis
1326 314 1403 344 initii
1432 311 1466 356 (i.
1495 323 1523 343 e.
1552 322 1612 352 quo
1640 322 1746 342 sermo
1775 312 1814 342 de
1840 296 1929 342 novo¹
1950 312 2000 341 in-

210 381 300 429 cipit)
327 381 539 422 adnumerari‚
567 389 709 419 eamque,
738 387 832 417 quum
860 377 1076 407 retributionis
1094 376 1210 420 (sslj>)
1237 385 1362 406 sensum
1390 377 1484 415 ferat,
1511 376 1597 405 initio
1625 376 1783 405 sermonis
1811 375 1915 405 locum
1941 375 2002 405 ha-

211 452 298 488 bere,
325 446 518 478 scholiastes
547 441 724 479 adnotavit,
752 440 810 469 sed
838 439 1070 480 grammaticus
1098 438 1352 468 Ebn-IIescham
1381 439 1476 480 dixit,
1504 449 1580 469 esse
1608 439 1810 479 particulam,
1839 449 1899 478 qua
1925 448 2003 469 con-

211 512 284 543 ditio
312 509 531 544 contineatur,
559 514 642 544 quae
668 502 849 542 separando
878 502 1157 541 confirmandoque
1184 502 1337 532 inserviat
1375 501 1466 540 (con
1478 502 1496 532 f.
1526 502 1636 533 Gram.
1665 503 1721 532 Ar.
1745 503 1782 532 Τ.
1810 504 1833 532 Ι.
1862 513 1891 542 p.
1920 503 2002 532 559.

217 571 345 604 Anthol.
373 578 474 610 gram.
502 576 532 606 p.
559 566 612 606 Ψ).
664 565 789 594 Initium
815 573 933 593 versus
962 564 1056 604 igitur
1082 564 1130 592 sic
1157 563 1400 602 explicandum:
1429 561 1516 591 '³:103th
1543 557 1611 592 ειλΦ
1633 562 1725 601 affigi
1758 575 1851 595 »num
1877 564 1907 594 in
1935 565 2004 595 Deo

213 636 261 675 (in
287 633 347 664 Dei
372 625 555 671 voluntate)
584 628 666 658 llaec
694 632 747 657 est
774 636 827 656 res
839 623 877 655 2«
935 627 1050 655 Mirum
1077 630 1183 654 autent
1211 628 1275 664 est,
1303 624 1385 663 quod
1414 629 1520 664 poeta,
1548 627 1733 664 praemissis
1762 627 1895 657 duorum
1914 627 2005 656 viro-

211 707 278 728 rum
306 693 494 730 nominibus,
522 690 621 729 patris
649 689 778 727 filiique,
818 697 897 727 quos
925 692 1075 726 tanquam
1101 691 1253 716 auctores
1284 687 1383 725 partis
1412 687 1570 716 Merwani
1597 688 1787 728 nominavit,
1814 689 1915 718 verbo
1941 686 2007 724 ¹453

211 758 382 800 singularis
418 763 582 785 numerum
617 751 742 782 dederit
779 736 907 788 (cons.
938 749 1049 780 Gram.
1077 750 1133 778 Ar.
1161 750 1197 778 T.
1226 749 1263 777 Π.
1290 758 1321 787 p.
1349 747 1461 787 239.).
1522 748 1720 779 Scholiastes
1755 760 1821 780 rem
1848 759 2007 781 excusans

213 822 305 861 dixit,
332 819 451 849 factum
479 824 574 855 esse,
604 813 710 853 quod⁷
739 816 855 842 statum
888 815 981 842 unius
1009 812 1047 841 ab
1075 811 1208 841 alterius
1237 814 1324 839 statu
1353 809 1516 839 diversum
1548 820 1609 839 non
1637 820 1733 851 esse,
1773 816 1880 841 notum
1907 812 1950 842 sit
1976 817 2008 842 et

214 883 260 914 rei
286 879 493 920 explicandae
521 885 620 907 causa
651 876 752 905 locum
782 874 899 903 Corani
928 874 1002 903 Sur.
1032 875 1064 912 9,
1093 874 1149 903 63.
1178 873 1353 910 adnotavit,
1382 872 1411 901 iu
1440 873 1529 902 cuius
1558 873 1626 902 loco
1647 872 1799 903 suffixum
1816 873 1906 903 verbi
1920 881 2009 916 ujoff

217 951 278 976 tarn
305 944 344 974 ad
372 944 486 982 Deum,
514 949 605 979 quam
635 938 673 968 ad
703 938 772 967 eius
801 936 940 977 legatum
966 935 1167 965 referendum
1195 939 1257 964 est.

216 1056 248 1084 2.
272 1052 401 1082 Mentili
421 1052 514 1083 estis,
537 1057 596 1085 per
617 1047 679 1075 Dei
700 1043 871 1082 templum!
900 1053 969 1072 eum
994 1051 1056 1071 non
1079 1041 1245 1074 occidetis!
1270 1045 1301 1070 et
1327 1043 1393 1070 dies
1413 1052 1540 1079 pnymte
1563 1043 1634 1071 alba
1657 1043 1784 1072 macula
1804 1044 1838 1071 in
1856 1044 1963 1081 fronte
1984 1046 2015 1072 et

794 1099 874 1126 albis
896 1097 1030 1134 pedibus
1053 1098 1189 1132 msiym's
1212 1096 1349 1124 nondum
1368 1097 1442 1134 suit.

315 1189 456 1226 Versus7
485 1184 597 1224 quibus
626 1182 727 1212 altera
756 1189 843 1220 pars,
871 1190 908 1209 se
937 1178 1228 1209 Ebu-Alsobairum
1255 1178 1433 1207 occisuram
1462 1187 1549 1217 esse,
1577 1178 1714 1218 gloriata
1741 1184 1822 1219 erat,
1849 1182 2012 1219 respicere

217 1251 354 1282 videtur.
383 1249 484 1278 Poeta
511 1253 660 1285 sperans)
684 1252 746 1272 rem
771 1252 832 1271 non
863 1247 1051 1271 eventuram
1080 1250 1168 1279 esse,
1197 1239 1282 1280 dicit,
1311 1249 1365 1269 eos
1394 1241 1541 1269 mentitos
1569 1250 1657 1273 esse,
1684 1240 1884 1272 Scholiastes
1911 1246 2012 1283 putat,

220 1313 350 1343 verbum
379 1301 509 1348 „1435
539 1306 650 1336 referri
680 1314 777 1344 posse
806 1304 844 1334 ad
864 1303 1088 1344 'cogitationes
1117 1303 1169 1331 vel
1197 1303 1236 1332 ad
1264 1304 1382 1342 verba,
1413 1303 1525 1341 quibus
1554 1312 1588 1333 se
1617 1304 1706 1343 ipsos
1731 1313 1839 1344 spem,
1877 1315 1942 1335 rem
1969 1307 2013 1336 ita

220 1378 356 1407 futuram
385 1382 472 1412 esse,
499 1370 718 1409 concipientes
747 1367 875 1397 allocuti
903 1367 982 1405 sint3
1011 1366 1069 1395 sed
1098 1365 1169 1395 huic
1187 1375 1248 1394 non
1265 1366 1440 1403 adsentior,
1472 1366 1587 1405 quippe
1608 1375 1674 1395 vox
1701 1367 1861 1396 mentiti
1889 1367 2012 1406 estis,

220 1439 327 1470 verbis
355 1437 446 1476 ipsis,
474 1443 553 1474 quae
583 1442 615 1462 re
646 1441 723 1461 vera
751 1429 959 1470 protulerant,
988 1428 1091 1468 magis
1122 1429 1292 1458 convenire
1318 1429 1456 1459 videtur.
1512 1430 1638 1459 Arabes
1667 1434 1739 1458 aute
1759 1429 2014 1460 Mohammedem

222 1511 277 1540 per
305 1500 392 1529 Deos
420 1506 510 1533 suos,
537 1504 587 1524 ex.
616 1504 664 1534 gr.
700 1502 756 1532 per
783 1492 882 1520 Deam
915 1490 1001 1519 Anat
1036 1494 1068 1518 et
1095 1490 1234 1520 Atohssa
1265 1491 1391 1529 (conf.
1420 1491 1517 1521 Meid.
1550 1491 1605 1530 10,
1636 1492 1681 1521 62
1709 1497 1741 1521 et
1767 1492 1826 1529 ²1,
1854 1492 1930 1531 49.)
1958 1497 2014 1522 aut

221 1562 304 1602 apud
332 1560 453 1600 lapides
480 1562 609 1587 erectos
639 1556 726 1586 circa
753 1554 904 1593 templum
933 1553 1117 1581 Meccanum
1153 1553 1278 1590 (conf.
1308 1554 1400 1583 llam.
1430 1564 1448 1593 p
1486 1553 1526 1583 fri
1553 1564 1584 1584 v.
1618 1555 1671 1584 15.
1700 1558 1731 1584 et
1757 1555 1896 1584 Pocock.
1923 1564 2013 1593 spec.

220 1626 293 1667 hist,5
308 1624 364 1653 Ar.
379 1632 407 1661 p.
428 1621 524 1659 102.)
553 1620 704 1650 iurarunt.
759 1615 988 1647 Moliammedis
1018 1621 1162 1655 tempore
1190 1621 1243 1646 aut
1271 1616 1370 1645 breve
1399 1621 1523 1654 tempus
1552 1622 1626 1646 ante
1653 1617 1801 1647 Islamum
1829 1617 1912 1656 apud
1931 1627 2015 1658 eum,

221 1688 251 1717 in
278 1687 368 1724 cuius
405 1693 498 1714 manu
536 1684 637 1712 anima
672 1685 742 1721 est,
781 1680 926 1709 iurabant
954 1678 1079 1716 (Abulf.
1109 1678 1190 1707 Ami.
1219 1678 1255 1709 T.
1284 1678 1305 1705 1.
1335 1687 1364 1715 p.
1393 1677 1449 1706 26.
1479 1678 1566 1716 28).
1633 1679 1693 1707 l’er
1729 1678 1852 1708 hostias
1889 1688 2015 1718 quoque

221 1751 368 1780 Meccam
397 1747 508 1776 ductas
536 1745 679 1774 iurabant
705 1741 794 1786 (con
810 1742 829 1771 f.
861 1742 954 1771 llam.
975 1751 1004 1780 p.
1026 1740 1065 1769 v‘il
1087 1749 1116 1768 v.
1137 1740 1197 1778 4,).
1251 1739 1411 1768 Arabibus
1439 1739 1509 1769 loca
1538 1744 1641 1779 erant,
1670 1739 1752 1778 apud
1781 1749 1861 1778 quae
1888 1739 2017 1770 foedera

223 1815 301 1843 inter
328 1812 416 1850 ipsos
444 1812 508 1838 icta
534 1806 734 1838 iureiurando
763 1805 1001 1835 confirmabant.
1055 1803 1109 1832 Sic
1135 1802 1218 1841 apud
1246 1806 1382 1831 montem
1411 1802 1542 1832 Alzalef
1565 1802 1758 1841 appellatum
1788 1802 1890 1832 conf.
1911 1803 2015 1837 Kam,

222 1877 351 1906 Manum
379 1881 502 1912 quoque
530 1871 559 1899 in
586 1870 774 1909 sanguinem
802 1869 931 1898 mactati
959 1867 1072 1896 cameli
1101 1866 1274 1906 tingebant.
1330 1865 1421 1893 Hunc
1450 1865 1604 1905 originem
1631 1865 1765 1894 nominis
1793 1866 1899 1905 gentis
1928 1867 2017 1910 5225

225 1939 327 1968 fuisse
355 1936 463 1966 dicunt
494 1932 597 1963 conf.
627 1933 718 1961 Ham.
746 1941 775 1970 p.
789 1933 819 1960 vr
835 1929 903 1959 infr.
957 1929 991 1958 Si
1021 1930 1090 1968 quis
1117 1928 1156 1957 ad
1185 1927 1401 1957 iusiurandum
1431 1926 1631 1966 adigebatur,
1663 1928 1691 1956 in
1718 1929 1822 1967 ignem
1848 1937 2019 1958 accensum

224 2000 284 2040 sal,
311 2003 345 2028 ut
371 1998 526 2026 iurantem
554 2000 677 2025 terrore
705 1993 882 2031 implerent,
911 1991 1070 2020 coiiiicere
1097 1990 1253 2019 solebant.
1316 1988 1403 2028 Ignis
1429 1988 1510 2017 hanc
1537 1989 1574 2018 ob
1602 1998 1728 2018 causam
1762 1985 1833 2029 &559
1870 1986 2016 2032 (terror),

227 2070 280 2091 res
306 2060 376 2098 ipsa
404 2058 506 2097 &4343
534 2055 749 2094 appellabatur
779 2054 836 2082 Ka
848 2063 886 2081 m.
940 2053 1020 2081 Post
1047 2052 1197 2080 Islamum
1226 2060 1281 2089 per
1308 2049 1432 2089 Deum,
1461 2060 1517 2088 per
1545 2050 1604 2079 Dei
1633 2050 1802 2089 templum,
1842 2059 1897 2089 per
1924 2051 2018 2081 vitam

226 2130 317 2151 snam
354 2123 409 2148 aut
451 2118 549 2156 patris
590 2116 686 2145 vitam
725 2115 877 2145 iurabant.
941 2113 1016 2142 Vox
1046 2109 1086 2142 kd
1120 2116 1168 2141 est
1196 2120 1251 2150 pro
1280 2110 1336 2148 ΑΒ
1366 2113 1492 2150 (conf.
1523 2114 1615 2143 Ham.
1645 2124 1673 2152 p.
1703 2116 1745 2143 tm
1770 2113 1871 2151 infru).
1930 2114 2018 2144 Diem

229 2192 356 2224 pugnae
385 2180 543 2210 celebrem
579 2188 647 2207 curn
683 2187 763 2216 equo
801 2177 921 2206 macula
959 2176 1030 2205 albii
1065 2175 1093 2204 in
1131 2175 1234 2203 fronte
1263 2180 1294 2204 et
1323 2175 1453 2214 pedibus
1482 2176 1593 2214 partim
1622 2176 1700 2205 albis
1729 2175 1870 2214 praedito
1898 2175 2019 2205 confert

227 2244 347 2285 (conf.
376 2245 467 2273 llam.
497 2251 525 2280 p.
554 2242 593 2269 οι*
624 2250 653 2268 v.
684 2240 745 2274 4.).
799 2239 926 2268 Versus
954 2247 1073 2267 sensus
1101 2242 1169 2266 est:
1202 2237 1268 2266 Vos
1296 2238 1348 2277 qui
1377 2246 1457 2266 nunc
1476 2247 1494 2267 a
1518 2238 1607 2266 nobis
1626 2237 1762 2266 nondum
1779 2238 1884 2277 pugna
1914 2236 2018 2266 domiti

228 2308 368 2346 victique
396 2305 465 2334 eius
494 2301 657 2332 occidendi
685 2305 878 2340 potestatem
905 2309 965 2329 non
994 2299 1129 2337 habetis,
1160 2299 1256 2328 multo
1286 2300 1387 2328 minus
1418 2304 1532 2338 postea
1560 2299 1589 2329 ei
1617 2300 1661 2328 rei
1687 2308 1781 2338 pares
1809 2299 1906 2328 eritis.

227 2425 261 2453 3.
284 2424 328 2453 Et
348 2423 463 2460 qladit's
488 2421 735 2458 Illascltrefilicis
758 2428 853 2455 super
877 2420 958 2447 vobis
978 2419 1088 2457 [μῖμον
1111 2420 1248 2448 nondum
1267 2420 1340 2457 fuit,
1365 2420 1450 2446 sicat
1472 2418 1581 2446 rudius
1603 2417 1696 2450 solis,
1722 2425 1816 2454 quum
1838 2414 1940 2443 elatus
1963 2417 2019 2443 est.

329 2505 456 2534 Versus
489 2512 557 2532 cum
596 2503 773 2540 posteriore
809 2503 899 2538 parte
938 2509 1055 2528 versus
1091 2501 1204 2539 prioris
1240 2500 1391 2530 cohaeret
1416 2504 1447 2530 et
1473 2509 1600 2530 sensum
1628 2499 1695 2528 eius
1723 2501 1866 2527 exornat.
1920 2495 2019 2525 Hisce

230 2570 333 2595 autem
361 2564 468 2593 verbis
498 2562 621 2600 indicat,
650 2571 707 2591 eos
736 2570 892 2600 uunquam
920 2569 1008 2599 spem
1036 2570 1128 2591 suam
1157 2562 1342 2602 expleturos
1370 2571 1451 2593 esse.
1509 2562 1582 2592 Vox
1603 2558 1644 2592 m
1674 2569 1730 2599 pro
1758 2557 1788 2604 55
1817 2563 1868 2589 est-
1897 2562 1929 2588 et
1954 2567 2019 2587 vox
