2247 2865
990 89 1033 95 —
1089 70 1161 102 343
1216 87 1258 94 ——

230 180 342 210 {nu-tr.
380 173 534 209 Boxum:
574 172 633 203 011
670 173 824 202 utinum
866 171 1027 201 Morrub
1063 170 1107 200 ad
1135 180 1229 200 enm
1269 172 1462 207 veniret;
1505 174 1583 201 tum
1623 180 1706 202 vum
1748 182 1793 203 ca
1828 174 2021 212 optimum

232 237 476 277 coniugium
516 236 649 267 iniret
685 239 725 265 et
768 234 1017 264 retribuens
1058 234 1231 272 utrique
1268 228 1555 262 retribueret!
1619 234 1811 275 Munatius,
1851 241 2020 275 postquam

230 299 346 330 Alilius
371 309 441 329 cuni
469 309 507 329 ea
534 308 600 328 rem
626 297 798 334 habuerat,
827 296 924 326 iratus
951 297 989 326 ob
1018 296 1116 326 verbu
1143 294 1253 324 Saliini
1283 293 1377 323 dixit:
1413 293 1440 324 Ο
1467 304 1599 323 serve
1626 304 1643 323 e
1671 298 1799 334 gente
1828 296 2019 327 Muhaw-

232 363 356 393 walah
395 355 654 400 (monnau,
696 358 791 399 quid
821 364 860 388 tn
899 365 1143 388 nostrarum
1183 366 1355 386 uxorum
1385 356 1635 385 mentionem
1677 356 1822 386 faeere
1863 354 2020 389 nudes?

230 426 389 463 (Gentem
423 430 530 455 antem
564 421 804 458 Molmwwalah
839 421 1001 460 appellat,
1036 420 1119 459 qnod
1153 424 1247 449 unt-:a
1275 418 1675 449 Banu-Anbd-Alohssa
1711 419 1791 449 dicta
1819 429 1837 448 a
1865 420 2020 459 propheta

229 487 453 518 Molunnniede
480 495 590 515 nomen
618 488 768 514 mutatum
798 483 1121 513 Bnnn--AlibthAllah
1148 483 1174 511 b.
1205 482 1390 512 Gliatlial'an
1418 487 1620 521 acceperunt.
1657 482 1705 512 Ab
1732 483 1893 512 Arahibus
1921 482 2018 524 igitur

230 548 579 580 Banu-Mol1au·wa1a11
607 548 678 586 (lilii
706 553 845 576 mutatae
870 547 992 585 gentis}
1022 546 1181 585 appellata
1208 542 1284 586 est.)
1318 544 1459 574 Solimus
1489 545 1516 573 b.
1538 544 1645 574 Durub
1673 549 1778 576 antem
1806 546 1848 575 illi
1879 555 2015 586 respon—

227 611 270 641 dit
295 611 420 641 dicens:
451 610 554 642 Lente
581 604 662 650 age!
690 618 707 638 ο
738 603 908 638 Morruliel
937 617 998 648 ego
1028 610 1146 637 crimen
1173 616 1233 635 non
1261 606 1427 645 cominisi3
1454 606 1494 635 nil
1523 606 1582 636 nisi
1605 607 1725 636 iocatus
1753 617 1835 637 sum.
1888 607 2019 637 Morta-

226 674 285 704 lius
311 678 416 703 autem
443 672 685 702 excusationem
713 680 773 700 non
802 670 972 699 admittens
1001 670 1041 699 nil
1062 670 1128 710 egit
1147 669 1218 708 nisi,
1247 673 1280 697 ut
1300 678 1371 697 enm
1395 668 1584 698 contumelia
1608 668 1769 698 adficeret.
1799 671 1866 713 (¹1,
1892 671 2018 716 192)

226 737 306 766 Tum
333 735 475 765 Salimus
511 734 608 764 iratus
642 733 722 762 dim
757 736 863 769 (metr.
890 733 1024 768 Sosim:
1066 732 1092 761 O
1119 729 1328 763 Morralle!
1367 740 1384 759 o
1413 730 1472 760 sili
1501 730 1681 764 Wakilii!
1721 741 1738 760 o
1767 726 2019 771 (Morrahel)

227 793 332 836 ιαμ)
385 797 440 826 Tu
468 797 503 826 is
531 805 597 835 οδ,
625 796 710 835 qui,
738 806 854 836 quum
883 796 1087 831 esurires,
1116 793 1296 833 repudio
1327 793 1550 823 dimisisti.
1593 793 1682 823 Turn
1704 793 1877 822 Badrita
1905 802 2017 833 quam

225 860 490 900 dimisisses,
524 868 657 888 secum
687 858 929 895 coniunxit,
965 857 1090 887 donec
1125 865 1234 895 qunin
1263 861 1405 895 potum
1435 857 1687 886 matutinum
1716 865 1912 885 sumeres
1940 865 2016 885 ve-

225 923 576 963 spertinumque,
624 920 839 950 advenisti
884 920 1174 949 adsuefactus
1216 918 1260 948 ad
1309 917 1378 958 id,
1427 918 1538 957 qnod
1582 918 1819 957 reliqueras
1866 919 2019 947 volens

224 997 310 1017 earn
353 985 584 1024 reducere3
625 985 825 1014 mentitus
866 994 920 1013 es.
975 983 1092 1014 Gens
1140 980 1404 1011 Banu-Badr
1445 990 1530 1010 eam
1573 981 1791 1012 abstulit,
1834 986 1872 1010 tu
1913 980 2017 1010 enim

222 1052 446 1079 cunctatus
487 1056 594 1079 eras,
646 1047 686 1075 ln
729 1046 859 1076 media
887 1051 1013 1086 gente
1055 1045 1180 1075 iuras:
1217 1045 1268 1075 Te
1311 1046 1446 1083 (eain)
1492 1053 1568 1072 non
1606 1044 1854 1082 reliquisse.
1902 1044 2013 1073 Deus

223 1111 330 1141 bene
374 1110 489 1151 egit,
531 1114 571 1140 tu
615 1114 750 1139 autem
794 1109 904 1138 male
942 1109 1097 1138 fecisti.
1152 1108 1230 1138 Post
1269 1113 1376 1138 autem
1419 1113 1568 1147 tempus,
1611 1117 1669 1146 qno
1699 1108 1928 1149 convenirent,
1964 1109 2016 1137 in-

222 1179 270 1203 ter
295 1182 334 1202 se
360 1174 602 1202 constituerunt.
655 1171 764 1201 Vei-ba
791 1176 896 1201 autem
925 1171 1034 1201 Salimi
1062 1171 1149 1211 genti
1175 1170 1450 1201 Banu-Fesarab
1489 1169 1571 1200 baud
1608 1171 1699 1210 parvi
1736 1172 1887 1200 momenti
1922 1169 2014 1199 vide-

220 1237 354 1276 bantur,
391 1243 576 1273 quamquam
604 1243 670 1263 rem
707 1234 862 1263 celabant.
922 1234 1002 1262 'l'um
1037 1233 1065 1262 in
1102 1234 1234 1273 pignore
1262 1232 1406 1271 ponendo
1449 1237 1583 1271 uterque
1618 1233 1793 1263 consensit.
1847 1232 1932 1261 Inter
1958 1238 2016 1260 eos

219 1305 326 1329 nutem
366 1303 432 1328 tum
461 1298 610 1336 temporis
638 1296 871 1326 Ebu-Bischah
897 1306 914 1324 e
941 1300 1038 1335 gente
1067 1293 1439 1324 Banu—Abbd-Manas
1462 1293 1489 1322 b.
1521 1292 1636 1322 Ohkail
1664 1292 1803 1333 (legebat
1831 1292 1912 1331 (quo
1940 1296 2015 1321 tan-

220 1371 313 1400 quam
340 1360 457 1390 arbitro
485 1359 527 1390 uti
552 1358 728 1397 solebant).
759 1358 975 1398 Congu-gatis
1003 1362 1107 1386 autem
1134 1356 1291 1386 Fesaritis
1308 1355 1450 1385 Salinius
1479 1354 1575 1384 dixit:
1604 1355 1693 1396 Ego
1723 1355 1848 1385 Deum
1876 1350 2015 1384 laudo!

220 1423 481 1454 absentibus
519 1422 642 1451 vobis
679 1420 795 1450 modo
835 1429 967 1460 agam,
1007 1428 1084 1458 quo
1122 1416 1511 1458 praesentibus2);
1554 1422 1672 1458 peto,
1714 1422 1758 1446 ut
1791 1425 1870 1445 vos
1908 1415 2014 1445 mihi

219 1490 365 1515 contra
390 1483 625 1514 Morrahum
660 1492 906 1522 sponsores
944 1475 1073 1512 sitis!
1125 1480 1297 1510 Morrabus
1325 1485 1428 1510 autem
1457 1480 1546 1520 dixit,
1577 1479 1726 1520 quamdiu
1754 1483 1884 1518 sputum
1913 1478 2013 1517 ipsius

218 1547 359 1588 linguam
385 1546 508 1587 irriget,
533 1545 684 1576 Saliinum
713 1549 827 1583 satyra
853 1547 1093 1583 persecuturum
1120 1553 1158 1572 se
1184 1552 1270 1572 esse.
1323 1541 1373 1571 Re
1401 1543 1446 1571 sio
1471 1552 1508 1571 se
1535 1541 1672 1570 habente
1697 1551 1778 1581 gens
1796 1539 2012 1569 Banu-Fesa-

216 1609 270 1639 mh
298 1608 463 1638 mulierem
492 1617 510 1636 e
537 1607 653 1637 familia
680 1606 948 1643 Banu-Gborab,
978 1605 1167 1636 Gliadhirah
1193 1604 1394 1644 appellatunr.
1425 1614 1506 1644 quae
1533 1614 1651 1633 versus
1681 1608 1782 1632 metro
1810 1602 1933 1642 Redjes
1961 1601 2012 1631 di-

217 1671 310 1702 cebat
327 1667 376 1713 ³),
417 1669 559 1699 adduxit.
613 1669 717 1706 Quam
750 1678 844 1707 quum
877 1668 1016 1698 Salimus
1055 1668 1304 1708 conspexisset,
1343 1668 1424 1697 asini
1460 1677 1575 1697 vocem
1616 1668 1758 1697 iniitatns
1797 1666 1874 1696 dixit
1905 1664 2011 1709 (metr.

215 1733 492 1773 Redjes):1am
523 1731 617 1761 filii
645 1731 763 1760 corvi
791 1728 955 1772 rubri-¹)
984 1730 1210 1769 probrosis
1238 1731 1387 1760 verbis
1416 1740 1471 1759 me
1500 1730 1751 1769 petiverunt
1779 1730 1827 1758 ob
1856 1732 2010 1758 metum

215 1795 610 1838 ,guarantiamque
638 1799 682 1823 et
711 1803 793 1823 rem
821 1793 923 1822 milii
953 1794 1162 1833 ingratam
1197 1798 1425 1833 optarunt,
1461 1793 1599 1822 omnis
1628 1791 1778 1822 vetula
1806 1792 1942 1820 exiis
1971 1795 2013 1819 et

222 1863 392 1888 matura
422 1856 516 1886 viro
543 1856 690 1895 puella
709 1856 750 1895 ⁵).
805 1854 832 1884 0
859 1854 1051 1893 (mulier)
1081 1850 1319 1885 Ghadirah!
1355 1856 1563 1894 persolve
1597 1855 1741 1885 donum
1779 1864 1929 1894 meum,
1963 1862 2009 1882 ne

216 1920 393 1962 perside
426 1928 541 1959 agas
577 1923 619 1948 et
654 1919 768 1948 laeta
794 1918 852 1947 sis
891 1918 939 1947 ob
969 1918 1192 1956 innuptum
1222 1923 1267 1948 et
1294 1918 1522 1948 robustum
1559 1923 1720 1957 pectus
1756 1917 2009 1956 habentem,

214 1984 433 2014 bibentem
461 1983 533 2012 lac
560 1982 816 2011 camelarum
843 1981 975 2010 libere
1002 1981 1295 2021 dimissarum,
1331 1981 1616 2021 esurientem,
1654 1981 1729 2020 qui
1757 1984 1901 2019 portat
1927 1987 2009 2018 pe-

214 2056 299 2077 nem
325 2049 508 2075 ereetum
535 2045 686 2074 instar
713 2045 821 2073 armi
845 2043 1097 2074 anterioris
1130 2043 1383 2083 corpulenti
1412 2042 1705 2082 (admissarii)
1732 2046 1776 2072 et
1804 2041 2009 2083 glandem

233 2158 260 2187 1)
278 2159 308 2182 ln
334 2157 424 2182 verbis
453 2148 647 2187 mibi-ocem
668 2150 684 2182 b
710 2159 743 2182 ad
768 2159 892 2182 omissam
918 2166 1010 2183 vocem
1029 2159 1074 2198 Εἴ·
1101 2160 1238 2189 referunt,
1257 2162 1286 2182 ut
1315 2151 1384 2185 ως
1412 2157 1561 2186 appositum
1589 2156 1638 2186 sit,
1666 2156 1725 2179 dum
1751 2154 1796 2178 alii
1823 2160 1915 2177 vocem
1938 2146 2008 2180 &adl

278 2213 336 2230 eam
356 2209 461 2236 putant,
480 2212 546 2237 quae
565 2206 723 2232 advocatur.

227 2250 258 2282 2)
276 2253 376 2276 Beatus
395 2253 426 2275 de
445 2254 553 2282 sac-yos
571 2253 720 2283 exemplari
737 2260 788 2278 suo
808 2254 963 2284 adscripsit:
983 2254 1059 2285 »Ego
1078 2254 1188 2285 quidem,
1208 2253 1263 2277 Deo
1283 2253 1406 2284 gratias,
1424 2253 1546 2283 aequalis
1563 2259 1621 2276 sum
1641 2252 1729 2281 vobis,
1748 2251 1810 2281 quin
1830 2249 1907 2273 vobis
1926 2254 2007 2279 prae-

277 2298 401 2327 stantior,
422 2301 493 2328 peto,
513 2301 542 2321 ιιι
559 2298 680 2321 iniuriam
698 2298 758 2322 mihi
778 2299 880 2323 iuaiuim
900 2306 916 2322 a
934 2300 1028 2323 Mori-a
1046 2306 1076 2323 re
1096 2316 1204 2323 .....
1213 2306 1238 2330 3«
1256 2300 1302 2322 sed
1321 2299 1390 2322 hunc
1407 2304 1515 2321 sensum
1535 2298 1560 2320 in
1579 2297 1668 2320 verbis
1686 2302 1739 2319 non
1758 2295 1876 2318 invenio.

230 2351 261 2382 8)
279 2353 376 2375 Beatus
395 2352 426 2375 de
445 2354 554 2381 sacyus
572 2351 597 2374 in
616 2353 708 2376 codice
726 2359 776 2377 suo
791 2353 872 2397 5>5⁶i
901 2361 986 2385 quae
1004 2354 1210 2384 increpabat
1228 2354 1319 2378 habuit
1337 2357 1365 2377 et
1382 2353 1519 2384 praetulit.

228 2413 260 2445 4)
277 2412 411 2446 (Respicit
429 2414 518 2444 gentis
537 2420 631 2438 nomen
650 2410 733 2459 aab:
758 2416 910 2449 corvus.)
935 2418 1102 2448 Cognomine
1121 2420 1223 2443 ruber
1245 2425 1303 2443 eam
1323 2426 1336 2442 e
1355 2421 1437 2450 gente
1457 2425 1509 2442 non
1528 2417 1644 2441 Arabica
1662 2416 1789 2446 originem
1808 2413 1918 2438 duxisse
1935 2414 2005 2438 indi-

278 2470 333 2495 cat,
351 2467 422 2497 quud
442 2467 489 2490 iste
507 2467 586 2491 color
604 2468 751 2498 peregrinis
769 2469 894 2498 proprius
912 2475 971 2492 esse
989 2469 1096 2494 dicitur.

227 2511 258 2539 ὃ)
278 2511 375 2535 Beatus
394 2514 425 2535 de
443 2513 551 2543 Sacyus
570 2514 607 2537 sic
625 2514 782 2543 adscripsit:
801 2520 892 2539 omnes
911 2518 965 2539 tam
982 2521 1079 2546 senes,
1097 2521 1174 2546 quam
1193 2515 1303 2538 iuvenes
1321 2514 1415 2538 adulti.
1453 2513 1588 2544 Muneris,
1605 2514 1674 2543 quod
1694 2513 1738 2536 tibi
1758 2511 1844 2535 offero
1856 2528 1863 2542 ,
1891 2510 2003 2540 pretium

280 2556 407 2586 persolve
425 2559 453 2581 et
471 2557 527 2582 noli
547 2557 658 2588 perfidia
675 2556 729 2582 unt
