2247 2865
957 75 1223 106 —575—

198 178 254 208 Ar.
281 177 317 207 Τ.
346 177 383 207 n.
414 186 442 216 p.
475 176 584 215 147.)ι
636 177 670 206 ln
698 175 875 215 posteriore
903 183 1019 204 versus
1047 179 1138 214 parte
1166 173 1293 215 modus,
1329 183 1391 214 quo
1418 184 1475 204 arx
1504 179 1668 205 exstructa
1696 177 1755 217 sit,
1783 176 1983 207 describitur.

199 238 286 268 Loco
315 238 370 267 luti
398 243 450 268 aut
480 238 612 268 luterum
642 237 712 266 sole
740 242 911 274 coctorum,
950 246 991 265 ex
1019 237 1133 276 quibus
1161 236 1307 266 aedilicia
1334 237 1590 277 exstruebantur,
1620 239 1678 268 ista
1707 249 1763 269 arx
1794 240 1908 269 tubulis
1937 240 1985 269 lu-

195 299 319 339 pideis,
347 299 432 329 calce
457 298 600 330 obductis
628 303 794 328 exstructa
822 302 910 334 erut,
939 308 1000 338 quo
1028 299 1146 329 suctum
1174 304 1242 340 est,
1285 305 1319 330 ut
1345 301 1376 330 vi
1406 300 1511 330 illatae
1540 301 1619 330 bene
1647 301 1815 331 resisteret
1843 302 1984 341 partibus

195 369 257 390 nou
284 360 375 390 facito
402 359 628 392 dissolvendis,
662 359 728 389 Sed
757 361 875 400 legitur
902 369 1026 399 qnoque
1054 361 1082 390 in
1111 372 1230 392 versu:
1257 358 1369 402 φὼὶλ,
1397 360 1516 413 &zali
1545 373 1620 399 ἅμα
1645 363 1697 402 &²
1723 359 1807 406 ωυρμ,
1840 364 1926 392 »luto
1953 368 1986 392 et

196 422 284 452 culce
307 432 404 462 super
432 422 518 452 duris
546 422 660 451 tubulis
689 422 821 461 lapideis
858 422 990 452 inductis
1032 426 1219 463 exstructa,
1259 433 1317 453 nee
1352 432 1413 452 non
1448 419 1558 463 φὼὶλ,
1588 421 1707 474 {xasa-'t
1736 425 1797 462 33⁸
1823 425 1873 464 ὡς
1901 422 1986 469 OQ

199 484 272 514 „Ad
303 485 404 515 locum
432 485 565 515 similem
593 485 721 514 ensibus
749 490 916 515 exstructa
942 490 974 515 ct
1001 487 1086 515 culce
1114 486 1249 517 obducta
1277 490 1348 517 est«
1381 486 1399 516 i.
1428 496 1456 515 e.
1485 486 1523 516 nd
1551 496 1682 526 aquam,
1721 495 1802 525 quae
1830 496 1899 516 cum
1927 497 1985 516 en-

194 547 283 577 sibus
309 547 348 576 ob
375 547 575 586 splendorem
605 552 788 586 comparata
812 552 872 576 est.
925 547 1127 577 Scholiastes
1155 547 1253 588 dixit,
1290 553 1417 587 poetam
1454 552 1558 578 terrae
1594 549 1732 589 cultum,
1772 558 1851 587 quae
1884 558 1985 587 aquae

195 618 257 648 ope
284 608 388 649 fieret,
422 608 607 648 significare
635 609 799 648 voluisse;
840 609 898 639 sed
935 620 1086 647 causam,
1127 620 1183 640 cur
1210 610 1310 640 verba
1333 611 1379 640 sic
1406 611 1643 650 interpretanda
1671 612 1754 652 sint,
1790 621 1850 640 non
1879 610 1984 640 video.

192 671 396 702 Scholiastes
425 673 532 701 verbis
560 670 688 722 &stimolis
718 671 788 708 ud:
815 668 900 717 Ol-za
927 682 1056 704 sensum
1083 673 1166 703 hunc
1193 673 1314 703 tribuit:
1342 674 1434 711 Eum,
1463 673 1514 713 qui
1541 683 1647 703 arcein
1675 673 1884 712 exstruxerit,
1913 674 1984 702 loco

199 736 257 765 luti
287 735 411 764 tabulas
440 735 582 774 lapideas
611 735 813 776 adhibuiss03
842 734 900 764 sed
930 735 1015 776 dicit,
1043 745 1158 766 vocem
1186 730 1314 786 zxffsm'b
1340 740 1460 765 statum
1484 744 1608 774 quoque
1635 735 1775 765 indicare
1803 744 1914 775 posse,
1951 739 1986 765 ut.

194 807 314 827 sensns
342 798 400 827 sit:
440 797 521 826 Luto
549 797 766 827 obducebatur
792 803 824 828 et
850 798 961 839 calce,
997 798 1070 828 dum
1100 798 1213 829 tabulis
1242 797 1377 837 lapideis
1401 802 1565 827 exstructa
1594 803 1674 828 erat.
1728 797 1983 828 ln'aedificando

194 859 294 889 lutum
322 858 505 898 calcemque
533 859 725 897 permiscere
751 859 908 894 solebant.

194 956 227 986 8.
252 955 418 993 Ayedum!
439 955 494 984 Ad
504 965 571 984 eam
594 955 728 984 accede!
747 956 877 994 Seyeles
899 959 967 985 eins
988 958 1021 985 in
1043 957 1141 986 allum
1163 967 1334 986 emeret-ere
1354 960 1386 986 et
1407 960 1494 985 rotae
1516 958 1668 996 aquariae
1691 966 1788 994 super
1810 966 1846 985 ea
1869 966 1985 985 rursus

861 1012 1004 1040 celeriter
1027 1012 1323 1040 circumveniantur.

291 1079 393 1110 Poeta
420 1089 496 1109 arce
523 1079 575 1109 illa
601 1079 744 1109 confisus
771 1079 899 1110 hostem
927 1080 1075 1110 deridens
1101 1080 1226 1118 invitat,
1256 1084 1292 1109 ut
1318 1079 1351 1108 in
1376 1079 1538 1119 regionem
1567 1080 1734 1109 Iemamam
1753 1077 1983 1118 proficiscatur:

191 1142 323 1173 Terram
349 1141 576 1172 fertilissimam
613 1151 700 1173 esse.
753 1142 956 1172 Scholiastes
992 1142 1087 1181 dicit,
1124 1152 1196 1172 eum
1222 1142 1457 1171 Alnohmanum
1494 1140 1619 1180 alloqui.
1684 1140 1984 1170 Almotalammesus

189 1213 252 1234 una
278 1213 351 1234 cum
378 1203 559 1234 Tharafaho
589 1203 619 1232 in
645 1204 719 1233 aula
746 1204 834 1244 regis
863 1204 1010 1235 Hirensis
1037 1204 1171 1234 Ahmrui
1198 1204 1227 1234 b.
1253 1204 1350 1245 Hind,
1378 1204 1427 1243 qui
1454 1204 1490 1234 iis
1518 1203 1647 1234 fratrem
1675 1212 1780 1243 suum,
1808 1202 1983 1242 Cabusum,

191 1265 430 1296 custodiendum
459 1265 643 1306 tradiderat,
670 1267 760 1295 vixit.
813 1265 890 1296 Inde
917 1275 987 1296 cum
1011 1266 1207 1307 Tharafah07
1235 1267 1380 1306 epistolis
1408 1266 1501 1307 datis,
1530 1276 1548 1297 a
1575 1276 1652 1306 rege
1679 1265 1718 1295 ad
1736 1264 1982 1305 Abu-Carbum,

190 1326 322 1366 Hadjari
351 1327 560 1367 praefectum,
587 1329 679 1359 missi
705 1333 792 1367 sunt,
827 1334 862 1359 ut
888 1328 1119 1359 occiderentur.
1171 1328 1476 1359 Almotalammesus
1504 1333 1610 1359 autem
1641 1338 1681 1357 ex
1709 1326 1856 1366 epistola,
1890 1336 1984 1366 quam

190 1388 361 1430 legendam
387 1388 510 1419 cuidam
538 1391 722 1429 tradiderat,
748 1391 831 1420 mala
858 1392 947 1431 regis
978 1389 1143 1419 voluntate
1171 1389 1311 1430 cognita,
1337 1388 1376 1418 ad
1405 1399 1513 1430 regem
1541 1392 1649 1430 gentis
1668 1390 1789 1419 Lachm
1809 1389 1838 1418 in
1855 1388 1983 1428 Syriam

193 1451 347 1491 confugit.
398 1452 541 1481 Vullersi
569 1453 698 1483 Tharas.
727 1453 875 1483 Moallac.
904 1463 933 1492 p.
962 1453 983 1482 5
1010 1461 1058 1492 sq.
1086 1456 1118 1481 et
1144 1451 1281 1481 Meidan.
1313 1451 1369 1492 14,
1401 1451 1458 1482 31.
1510 1452 1731 1482 Alnohmanus
1759 1452 1871 1493 igitur,
1899 1451 1982 1480 filius

191 1511 376 1551 Mondsari,
403 1515 593 1553 cognomine
620 1515 844 1552 Abu-Cabus,
883 1515 933 1553 qui
961 1515 1003 1544 illi
1031 1514 1173 1543 Ahmruo
1201 1514 1229 1543 b.
1258 1514 1342 1544 Hind
1368 1516 1399 1544 in
1427 1514 1590 1553 imperium
1617 1518 1826 1544 successerat
1853 1512 1979 1551 (conf.

191 1574 399 1604 Ebu-Kotaib
412 1585 440 1614 p.
458 1576 568 1615 194),
595 1581 656 1606 est.
685 1577 815 1607 Poetam
833 1582 944 1611 autem,
959 1586 1051 1616 quum
1066 1585 1191 1606 carmen
1205 1576 1316 1607 dicens
1332 1578 1361 1606 in
1378 1578 1510 1618 regione
1524 1576 1685 1607 Iemamah
1706 1586 1861 1616 praeseus
1882 1576 1983 1606 fuisse

148 1634 149 1637 ¹
190 1637 351 1678 videatur,
379 1648 397 1668 e
424 1639 520 1679 Syria
548 1640 577 1668 in
605 1640 689 1669 illam
716 1640 880 1680 regionem
908 1640 1086 1680 migrasse,
1121 1639 1249 1669 dubium
1288 1649 1350 1669 nou
1377 1639 1513 1670 videtur.
1567 1640 1709 1670 Verbum
1727 1633 1769 1684 Ji
1796 1648 1862 1668 rem
1888 1647 1923 1668 se
1951 1638 1981 1667 in

190 1704 275 1731 terra
303 1711 445 1739 morere,
468 1711 520 1731 ex.
548 1712 596 1742 gr.
625 1702 789 1741 pulverem
817 1707 872 1732 aut
899 1711 1018 1741 parvas
1046 1701 1188 1731 locustas
1216 1712 1234 1732 e
1261 1702 1397 1742 pulvere
1416 1702 1611 1742 prodeuntes
1640 1701 1813 1741 signifieat.
1865 1701 1896 1729 ln
1925 1709 1982 1729 se·

190 1768 299 1804 getem
327 1764 481 1794 translata
508 1774 574 1794 vox
601 1765 779 1805 significat,
817 1775 889 1795 eam
917 1775 934 1794 e
965 1769 1051 1794 terra
1077 1764 1202 1803 prodire
1230 1769 1263 1794 et
1289 1774 1326 1793 se
1353 1773 1499 1793 movere.
1551 1764 1612 1792 Pro
1639 1772 1722 1791 voce
1749 1759 1838 1803 0523!
1866 1761 1983 1802 legitur

190 1822 314 1862 Qi,
341 1827 391 1855 cui
418 1829 492 1856 voci
519 1826 630 1856 eadem
659 1826 850 1868 significatio
879 1827 1035 1857 tribuitur.
1089 1827 1123 1856 ln
1147 1826 1199 1855 illa
1227 1831 1332 1856 autem
1359 1825 1491 1866 regione
1519 1824 1655 1862 fervida,
1683 1823 1800 1862 pluviis
1828 1822 1980 1861 frequen-

190 1885 274 1915 tibus
302 1885 466 1925 destituta,
493 1896 593 1927 seges
621 1889 715 1927 aqua,
751 1897 832 1928 quae
859 1898 919 1928 ope
948 1894 1088 1918 rotarum
1115 1887 1317 1925 effundatur,
1351 1888 1501 1928 irrigetur
1527 1896 1666 1916 necesse
1693 1890 1754 1915 est.
1807 1884 1850 1914 L't
1877 1888 1981 1915 autem

192 1953 307 1978 terram
343 1952 490 1987 tanquam
528 1948 755 1980 fertilissimam
792 1951 971 1992 describat,
1007 1961 1072 1980 rem
1109 1950 1231 1980 iteratis
1267 1950 1390 1980 vicibus
1429 1949 1498 1979 fieri
1525 1949 1613 1978 dixit.
1666 1949 1742 1979 Vox
1767 1952 1918 1992 0345st
1939 1957 1983 1977 ex

194 2019 317 2050 graeco
341 1999 498 2045 μιέγγαιόν
531 2016 601 2040 orta
627 2011 800 2042 ostendere
827 2012 975 2052 videtur,
1012 2012 1138 2042 Arabes
1165 2021 1230 2041 rem
1257 2020 1275 2040 a
1302 2009 1439 2041 Graecis
1468 2010 1618 2040 didicisse
1646 2014 1679 2039 e't
1705 1996 1773 2039 cum
1803 2020 1838 2038 re
1865 2018 1980 2038 nomen

191 2072 369 2111 accepisse.
419 2073 514 2112 Apud
541 2073 657 2103 Persas
684 2077 754 2104 rota
779 2075 906 2113 aquaria
939 2074 1130 2113 specialiore
1162 2072 1287 2103 nomine
1320 2082 1363 2102 ex
1396 2072 1526 2103 Persico
1563 2078 1597 2102 et
1631 2072 1768 2102 Arabico
1804 2071 1980 2110 composito

190 2130 287 2173 &³320
310 2134 507 2174 appellatur,
547 2144 628 2174 quae
654 2145 721 2165 vox
755 2135 839 2174 apud
867 2135 991 2165 Arabes
1025 2144 1151 2175 quoque
1184 2134 1215 2163 in
1242 2144 1301 2164 usu
1328 2138 1388 2164 est.
1441 2135 1583 2165 Verbum
1609 2131 1720 2175 φὼς-ι
1747 2144 1803 2173 pro
1830 2129 1980 2174 φράλλ’,

192 2194 277 2234 quod
303 2196 416 2225 sensui
441 2198 541 2226 minus
568 2201 678 2236 aptum
701 2196 842 2237 videtur,
869 2201 965 2236 poeta
990 2198 1061 2226 sine
1088 2196 1180 2226 dubio
1208 2196 1248 2225 oh
1273 2195 1544 2227 homoioteleuton
1570 2196 1721 2227 adhibuit.

190 2290 225 2321 9.
247 2291 317 2321 Hoc
338 2295 460 2329 tempus
482 2292 575 2321 vallis
587 2293 727 2322 Alihrdlz
748 2296 805 2328 est,
828 2296 920 2323 cuius
942 2303 1071 2323 muscae
1092 2295 1180 2322 vivae
1201 2295 1286 2329 emm
1311 2303 1407 2330 respa
1429 2296 1459 2322 et
1481 2293 1626 2322 caerulea
1648 2293 1815 2329 infestans.

291 2360 396 2391 valtis
423 2360 598 2391 Alihrdh
623 2362 804 2401 appellatae
829 2363 1021 2393 mentionem
1037 2362 1123 2402 facit,
1151 2362 1220 2392 sine
1235 2362 1329 2392 dubio
1349 2361 1432 2402 quod
1451 2372 1489 2392 ea
1509 2366 1622 2401 poetae
1642 2361 1740 2401 magis
1758 2355 1822 2396 (p.
1844 2351 1975 2395 3²1.)

193 2421 280 2452 cordi
304 2427 374 2453 erat
402 2427 458 2453 aut
484 2423 523 2452 ob
549 2422 743 2454 fertilitatem
771 2425 936 2455 maximam
964 2429 1019 2455 aut
1046 2424 1139 2455 aliam
1168 2423 1207 2453 ob
1234 2432 1377 2455 causam.
1444 2424 1570 2453 Vallem
1605 2427 1710 2452 autem
1746 2422 1976 2452 fertilissimam

192 2481 307 2524 fuisse,
334 2493 376 2513 ex
402 2493 587 2514 muscarum
611 2483 825 2524 descriptione
853 2485 1020 2527 videmus,
1047 2494 1180 2516 muscae
1207 2488 1291 2517 enim
1315 2486 1346 2516 in
1373 2486 1443 2516 loeo
1472 2486 1555 2525 aqu-„i
1582 2485 1761 2515 abundante
1790 2490 1821 2515 et
1852 2484 1976 2515 fervido

191 2544 309 2576 multae
335 2546 551 2576 inveniuntur.
601 2546 693 2576 Talis
716 2550 820 2576 autem
846 2547 938 2578 locus
963 2557 1026 2578 nou
1051 2551 1160 2589 potest
1186 2557 1248 2579 non
1274 2547 1489 2578 fertilissimus
1525 2555 1611 2576 esse.
1670 2546 1859 2586 Djeuharius
1887 2546 1976 2587 dixit,
