2247 2865
987 88 1253 118 —594—

226 205 259 234 3.
283 203 383 234 Recta
397 203 447 232 riti
459 212 529 232 cum
545 211 619 231 ense
631 202 733 230 suain.
747 202 906 229 interitum
923 200 1091 238 hostesque
1102 201 1270 236 ingressus
1293 202 1351 238 est,
1375 200 1448 228 dum
1470 201 1544 238 equi
1563 202 1692 228 mortem
1714 199 1907 237 duplicatam
1923 202 2014 239 frae-

974 255 1043 281 nati
1062 254 1259 282 mandebant.

326 340 470 370 Vidimus
499 340 608 377 (Ham.
639 340 668 367 l'v
694 348 727 367 v.
760 337 788 367 1.
818 337 865 366 l‘t‘l
893 346 924 365 v.
951 336 1002 374 2.)
1033 336 1123 365 morti
1150 335 1298 376 gurgites
1325 336 1426 365 tribui.
1480 335 1531 365 Ad
1549 335 1633 365 hunc
1661 335 1861 375 comparandi
1889 334 2014 365 modum

226 404 401 443 respiciens
440 408 536 442 poeta
572 401 671 430 verbo
699 399 792 438 &Ab
832 396 1019 441 (ingressus
1046 401 1093 427 est
1120 398 1149 426 in
1186 393 1315 439 aquam)
1349 407 1429 426 usus
1457 402 1518 428 est.
1572 398 1804 438 Praepositioni
1838 409 1873 434 ῳ
1899 397 1959 427 hoc
1985 397 2014 427 in

225 468 294 499 loco
321 467 507 498 societatem
535 464 696 505 significat
723 464 741 492 i.
769 473 797 492 e.
827 462 900 491 dum
929 461 1016 490 ensis
1046 461 1115 490 eius
1143 460 1250 489 socius
1277 464 1347 488 erat
1373 456 1501 502 (Gi-am.
1530 460 1585 489 Ar.
1613 461 1681 490 '121
1721 470 1749 500 p.
1773 456 1871 502 470.)
1905 459 2011 490 conf.

225 531 320 561 Ham.
348 529 405 559 m?
432 538 465 558 v.
494 528 525 557 2.
579 526 752 556 Maximam
781 530 887 554 autem
916 522 1135 552 difficultatem
1170 522 1399 561 interpretibus
1427 523 1527 552 verba
1553 521 1630 564 0315
1658 524 1712 563 ἅλ’-’ς
1737 527 1896 552 crearunt.
1949 522 2013 550 Aut

226 593 295 622 loco
325 590 503 621 definiendo
526 590 681 618 inservire
708 588 815 618 dicunt
842 592 896 616 aut
916 587 1072 615 obiectum
1092 585 1182 615 verbi
1198 595 1283 615 esse.
1311 586 1347 614 Si
1367 595 1479 615 vocem
1494 585 1597 615 locum
1613 586 1794 626 designant,
1821 585 1863 614 nil
1890 584 1950 613 nisi
1976 583 2013 612 in

226 654 365 685 medio
393 654 542 683 mortis
570 651 753 692 significare
783 655 927 690 possunt.
957 649 1088 687 Proprie
1102 649 1193 678 locus
1207 658 1271 677 vox
1287 649 1340 688 &3
1354 652 1415 688 cst,
1443 649 1494 679 ubi
1523 658 1574 677 res
1603 649 1792 689 duplicatur,
1823 647 1853 678 id
1877 646 1961 687 quod
1986 646 2015 675 iu

226 716 328 747 medio
343 715 387 745 fit.
416 716 473 745 Sin
500 715 655 745 obiectum
671 714 838 754 vcrbiest,
867 713 1047 752 duplicatae
1070 712 1180 741 mortis
1207 711 1472 752 significationem
1503 711 1609 741 habet.
1645 713 1784 741 Mortem
1800 715 1947 749 tanquam
1963 709 2012 739 ci-

226 778 297 808 bum
313 778 492 817 descripsit,
519 787 612 817 quem
632 777 704 815 equi
718 776 868 806 mandunt
895 775 1017 814 (conf.
1046 775 1152 804 Ham.
1169 776 1201 803 W
1226 783 1258 802 v.
1275 773 1333 811 1.).
1363 773 1563 803 Scholiastes
1579 773 1665 813 dicit,
1693 777 1817 812 poetam
1832 772 1955 811 equites
1983 771 2012 800 in

226 839 348 870 insidiis
376 838 550 869 collocatos
577 838 674 869 velle.
728 836 821 875 Quod
849 839 878 867 si
905 846 1017 866 verum
1045 839 1108 875 est,
1137 835 1166 864 in
1194 845 1231 864 eo
1261 844 1362 865 causa
1388 845 1464 865 esse
1492 840 1612 876 potest,
1640 844 1696 865 cur
1720 839 1816 874 poeta
1835 833 2015 873 duplicatae

225 902 337 933 mortis
364 902 552 932 mentionem
578 900 711 940 feccrit,
739 909 832 938 quum
860 899 932 938 equi
961 898 1083 928 duobus
1111 898 1189 927 locis
1217 897 1363 937 dispositi
1389 898 1479 938 quasi
1509 898 1659 937 duplicati
1686 899 1760 927 sint.
1812 897 1883 926 Hoc
1909 900 2014 926 autem

227 964 461 1004 interpretandi
493 962 586 993 modo
624 967 754 1002 recepto
791 972 856 991 vox
888 957 1013 998 „Silii
1047 961 1146 991 statui
1186 970 1337 1000 equorum
1375 960 1584 991 describendo
1620 960 1777 998 inservit,
1816 963 1851 989 ut
1883 958 1926 988 sit
1959 966 2016 997 pro

227 1022 332 1071 &ql-st!
358 1029 430 1071 69,
461 1029 515 1055 »et
540 1025 560 1054 ii
587 1024 705 1054 fraenis
733 1024 879 1053 instructi
907 1028 1015 1054 sunt.«
1071 1024 1180 1062 Equos
1209 1028 1337 1053 mortem
1365 1023 1516 1053 mandere
1542 1028 1637 1062 poeta
1664 1022 1754 1062 dixit,
1783 1021 1865 1060 quod
1892 1022 2017 1060 equites

226 1089 256 1118 in
284 1088 406 1117 insidiis
430 1088 573 1118 collocati
594 1092 727 1117 mortem
756 1087 923 1117 adducunt.
976 1087 1043 1117 Sed
1073 1097 1129 1126 pro
1157 1096 1238 1116 voce
1263 1087 1318 1127 ἐφ’·
1347 1088 1463 1127 legitur
1483 1096 1609 1126 quoque
1636 1086 1682 1132 Οἱς
1712 1087 1894 1117 »foenum«
1926 1086 2017 1115 Haec

226 1160 293 1181 vox
319 1161 360 1180 ex
386 1150 572 1180 difficultate
600 1150 689 1180 vocis
716 1151 771 1191 ιώ·
799 1150 865 1180 sine
893 1150 986 1179 dubio
1015 1153 1083 1179 orta
1109 1150 1148 1178 ob
1176 1158 1307 1179 sensum
1335 1149 1438 1179 miuus
1465 1154 1541 1188 apta
1562 1149 1700 1179 videtur.
1742 1149 1931 1178 Mersukius
1958 1158 2014 1178 se-

227 1217 376 1252 quentem
394 1221 492 1242 sensu
519 1212 654 1242 similem
682 1222 811 1242 versum
839 1212 1004 1242 adnotavit
1031 1211 1138 1256 (metr.
1155 1209 1301 1255 Camel):
1331 1208 1430 1255 dxxxii
1450 1222 1524 1255 5⁴>
1553 1208 1652 1246 &3qu
1679 1209 1706 1248 3
1732 1208 1809 1252 0525
1836 1207 1892 1247 agdi
1921 1208 2013 1239 lami>

226 1283 327 1333 0.)spst
355 1289 487 1333 0432?
522 1287 733 1317 Intramus
763 1287 808 1317 ad
837 1297 924 1317 eum
958 1290 995 1317 in
1030 1292 1222 1325 mortem,
1258 1287 1341 1317 dum
1377 1287 1415 1316 in
1443 1286 1632 1316 dexteris
1659 1285 1813 1316 nostris
1849 1283 2016 1328 (gladii)

226 1353 265 1381 in
292 1356 474 1382 extremo
502 1351 620 1381 rubri
647 1355 760 1391 sunt,
789 1359 949 1390 quorum
980 1350 1159 1390 vaginae
1187 1350 1329 1389 capita
1355 1354 1464 1380 sunt.

227 1449 259 1478 4.
288 1449 318 1478 Ῑὶ
338 1445 488 1488 (hostes)
508 1448 604 1486 plura
627 1451 752 1476 centum
779 1448 878 1476 millia
901 1451 1009 1482 erant‚·
1032 1451 1098 1485 ipse
1119 1451 1223 1477 antem
1247 1457 1317 1475 cum
1336 1448 1452 1485 paucis
1474 1446 1547 1475 altis
1569 1448 1658 1475 nasis
1677 1447 1846 1484 praeditis,
1871 1449 2018 1475 strenuos

953 1504 1201 1540 percutientibus
1222 1506 1298 1532 emt.

325 1573 552 1603 Fortitudinem
583 1572 643 1601 viri
670 1571 784 1602 nullam
813 1571 1040 1602 dubitationem
1066 1573 1183 1603 habere
1211 1572 1302 1612 dicit,
1330 1571 1413 1612 quod
1441 1572 1510 1611 ipse
1537 1571 1660 1600 nonnisi
1687 1580 1756 1601 cum
1785 1571 1894 1610 paucis
1922 1572 2018 1600 sociis

227 1641 339 1666 contra
364 1638 562 1666 innumerum
590 1636 767 1665 'furcarum
797 1636 969 1665 exercitum
998 1637 1200 1675 pugnaverit.
1253 1636 1457 1666 Scholiastes
1486 1635 1611 1674 quidem
1642 1635 1734 1675 dicit,
1761 1640 1888 1674 poetam
1918 1638 2018 1663 totam

227 1702 403 1731 'furcarum
435 1704 563 1741 gentem
592 1704 741 1739 tanquam
777 1699 890 1729 hostes
930 1708 1006 1728 suos
1041 1697 1271 1738 significasse,
1312 1707 1383 1727 eum
1410 1707 1481 1727 cum
1510 1700 1554 1727 tot
1584 1696 1717 1726 millibus
1751 1706 1812 1725 nou
1841 1705 2016 1736 pugnasse.

227 1766 261 1794 In
288 1773 327 1793 eo
354 1762 478 1802 quidem
508 1771 580 1792 cum
607 1761 779 1792 scholiaste
808 1763 982 1798 consentin,
1010 1760 1094 1800 quod
1118 1760 1169 1790 ille
1196 1769 1347 1790 numerus
1376 1770 1438 1789 non
1467 1760 1506 1790 ad
1534 1760 1667 1790 verbum
1699 1758 1925 1799 intelligendus
1953 1760 2016 1795 sit;

229 1826 386 1856 dissentio
413 1830 543 1865 autem,
584 1824 667 1863 quod
692 1829 818 1864 poetam
847 1826 910 1854 isto
938 1834 1066 1854 numero
1094 1824 1285 1854 innumerum
1314 1824 1489 1853 exercitum
1517 1823 1702 1864 significare
1727 1822 1874 1851 voluisse
1900 1828 2018 1861 putem.

228 1888 276 1918 De
303 1887 418 1928 modo,
454 1896 515 1926 quo
542 1887 718 1916 numeralia
746 1890 973 1916 construuntur
998 1887 1073 1916 vide
1101 1886 1212 1917 Gram.
1240 1887 1297 1915 Ar.
1324 1886 1361 1915 Τ.
1388 1886 1424 1915 11.
1453 1895 1484 1925 p.
1509 1885 1579 1915 322
1610 1895 1657 1925 sq.
1712 1886 1792 1915 Nasi
1819 1885 1873 1915 alti
1900 1885 2018 1915 Arabi-

228 1951 286 1980 bus
323 1950 470 1980 indicium
508 1949 622 1979 nobilis
659 1949 789 1990 generis
823 1954 897 1979 sunt
928 1955 960 1979 et
993 1950 1077 1980 hanc
1112 1950 1151 1979 ob
1186 1958 1316 1979 causam
1346 1947 1511 1978 laudantur
1552 1948 1660 1978 conf.
1689 1949 1780 1981 Ham.
1807 1958 1837 1988 p.
1865 1950 1913 1978 t'vxl
1940 1948 1958 1978 1.
1990 1949 2018 1981 1,

228 2015 276 2043 00⁸1
303 2023 334 2042 v.
364 2013 396 2042 5.

967 2106 1288 2141 CCXXXVII.

800 2174 940 2208 Dixit
962 2174 1068 2207 Ans
1092 2174 1132 2206 b.
1155 2173 1451 2206 Tsanlebah.

231 2245 255 2273 1.
284 2244 454 2273 l't'nculum
477 2245 594 2272 amoris
616 2252 776 2280 rumpens,
799 2247 984 2281 penetrans,
1008 2252 1104 2281 quum
1125 2252 1276 2271 curarum
1299 2244 1503 2280 coqilationes
1521 2245 1595 2280 post
1615 2251 1759 2271 somnum
1781 2242 1920 2272 redeunt.

257 2292 259 2295 .
969 2286 976 2296 0

327 2315 372 2344 Se
396 2315 499 2352 ipsum
527 2316 675 2350 tanquam
701 2316 867 2342 strenuum
894 2312 925 2341 in
939 2322 973 2342 re
988 2310 1181 2352 perficienda
1208 2311 1369 2352 describit,
1395 2311 1446 2350 qui
1473 2321 1507 2341 re
1534 2311 1653 2341 difficili
1679 2311 1926 2351 superveniente
1941 2313 2016 2341 vin-

227 2376 307 2407 culis
334 2376 468 2413 amoris,
497 2383 556 2413 quo
585 2373 624 2404 ad
651 2374 755 2404 locum
783 2378 838 2403 aut
866 2374 904 2404 ad
932 2383 1102 2413 personam
1131 2373 1249 2413 ligatus
1276 2373 1330 2410 sit,
1357 2382 1418 2401 non
1445 2371 1654 2413 impediatur,
1682 2372 1849 2412 quominus
1876 2376 1930 2401 aut
1956 2373 2019 2401 iter

228 2437 423 2479 ingrediatur
450 2440 505 2466 aut
533 2435 616 2466 aliud
642 2434 816 2465 remedium
844 2434 983 2474 arripiat.
1035 2436 1069 2464 ln
1097 2435 1156 2464 hoc
1187 2439 1293 2465 autem
1320 2444 1382 2464 non
1409 2416 1600 2476 cuxictatur7
1637 2435 1746 2465 statim
1778 2438 1936 2474 sequente
1967 2434 2017 2464 die

228 2508 339 2537 mane,
376 2504 544 2537 postquam
580 2507 637 2536 per
664 2502 791 2527 noctem
818 2506 912 2527 curae
940 2497 1147 2535 quieverant,
1185 2506 1252 2525 rem
1278 2496 1477 2537 aggreditur.
1532 2497 1699 2527 Amicitiae
1729 2500 1762 2526 et
1788 2496 2018 2526 coniunctionis

229 2560 441 2590 conditionem
471 2548 539 2591 cum
566 2561 702 2591 vinculis
731 2561 906 2601 comparari
938 2561 1071 2590 Hamas.
1099 2570 1129 2600 p.
1156 2572 1183 2590 A·
1210 2570 1242 2590 v.
1271 2560 1302 2590 5.
1332 2560 1470 2590 vidimus
1506 2559 1606 2599 (conf.
1633 2559 1724 2589 Ham.
1751 2559 1803 2589 οφ
1828 2567 1858 2590 v.
1877 2557 1940 2598 3.)‚
1967 2558 2018 2588 ubi
