2247 2865
965 91 1235 123 —570—

1018 187 1196 220 ccxx.
1234 159 1238 164 ⁸

836 252 976 287 Dixit
997 253 1103 286 Ans
1126 253 1172 285 h.
1195 251 1397 285 Balma-

221 329 248 359 1.
273 327 377 364 Quum
400 328 448 355 vir
467 327 561 364 part-i
581 328 610 354 te
629 325 717 361 facil,
740 324 834 360 parvi
853 332 922 351 eum
941 323 997 360 fac
1020 324 1051 350 et
1070 323 1101 349 si
1122 321 1320 357 coqnalionis
1343 321 1412 348 eius
1436 320 1561 348 vincula
1579 321 1759 358 propinqua
1780 321 1864 348 sunt.

320 397 450 437 Monet,
487 405 526 424 ne
552 396 613 434 vir,
641 395 670 422 si
696 392 774 422 alter
804 392 908 431 ipsum
937 393 1031 430 parvi
1057 390 1165 429 faciat,
1194 398 1260 418 rem
1288 389 1448 428 patienter
1474 388 1568 418 ferat.
1621 388 1723 418 Alteri
1757 397 1814 428 par
1850 397 1907 427 pro
1940 386 2009 427 pari

221 458 422 490 referendum
459 466 557 493 esse,
595 455 655 485 etsi
693 453 895 495 cognationis
922 452 1050 482 vinculo
1078 461 1146 481 cum
1176 460 1214 481 eo
1240 451 1430 481 coniunctus
1457 451 1509 480 sit.
1562 451 1704 481 Verbum
1733 449 1783 490 „29
1811 449 1949 480 maxime
1978 448 2009 478 in

220 521 385 553 beneficiis
413 520 591 560 adhibetur,
619 527 691 548 raro
717 518 747 546 in
775 516 886 554 malis,
924 518 957 545 ut
982 515 1011 544 in
1040 518 1151 544 nostro
1179 522 1287 543 versu.
1349 512 1429 543 Cum
1464 512 1660 551 scholiaste,
1697 513 1750 552 qui
1784 521 1896 542 vocem
1920 508 2009 555 falfi

220 584 373 623 pluralem
400 582 492 611 vocis
515 580 571 625 jol
600 589 675 610 esse
701 579 797 620 dicit,
834 588 895 608 non
930 579 1106 607 consentio.
1160 577 1222 606 Est
1250 575 1356 614 potius
1383 574 1576 605 adiectivum
1603 586 1621 605 a
1648 575 1804 616 singulari
1829 573 1896 618 3505
1924 573 2010 603 deri-

219 651 348 686 vatum,
383 644 465 684 quod
492 648 588 683 poeta
614 643 685 672 loco
720 640 908 672 substantivi
935 640 1053 679 posuit.
1106 638 1351 669 Substantivum
1378 633 1471 675 dl÷>l
1499 637 1662 677 (vincula)
1689 638 1842 667 omissum
1872 636 2010 667 videtur.

220 707 439 738 Praedicatum
465 705 705 736 homoioteleuti
732 713 831 734 causa
856 703 1060 733 substantivo
1088 701 1301 741 antepositum
1328 704 1390 729 est.
1442 700 1644 731 Scholiastes
1669 701 1760 741 dixit,
1788 704 1915 740 poetam
1938 701 2012 729 voci

221 768 292 800 Lus
319 769 401 800 idem
430 777 544 810 genus,
572 767 656 808 quod
682 767 783 797 verbo
810 762 904 798 aad&
932 774 994 795 non
1021 764 1168 804 dedisse,
1196 763 1280 803 quod
1308 762 1530 804 cognationem
1557 761 1739 803 significare
1765 761 1874 792 vellet.
1926 762 2012 792 Huic

219 843 299 864 vero
325 832 502 872 explicandi
529 830 622 861 modo
651 839 713 860 non
740 829 918 867 assentior3
947 837 1048 858 causa
1075 826 1105 856 in
1132 835 1171 856 eo
1199 825 1401 865 potissimum
1428 824 1608 864 quaerenda
1635 828 1708 864 est,
1745 823 1828 863 quod
1855 822 2012 853 adiectiva

220 894 342 925 formae
374 895 453 931 &3²5
488 902 588 932 saepe
624 892 753 933 generis
789 890 963 921 communis
1000 893 1074 919 sunt
1113 888 1238 928 (conf.
1278 887 1388 918 Gram.
1416 887 1473 917 Ar.
1501 887 1539 916 Τ.
1566 887 1603 916 ΙΙ.
1633 896 1662 926 p.
1691 886 1804 925 274).
1870 885 2012 915 Similem

221 956 429 988 construendi
455 955 578 986 modum
605 957 637 985 in
666 955 791 985 Corano
820 954 895 984 Sur.
925 953 958 994 7,
987 953 1043 983 54.
1081 953 1111 982 in
1138 951 1268 981 verbis«
1299 950 1522 980 Misericordia
1549 949 1609 980 Dei
1634 949 1909 979 benefacientibus
1935 957 2013 988 pro-

220 1020 338 1059 pinqua
364 1023 436 1049 est«
466 1018 657 1049 invenimus.

221 1129 255 1158 2.
299 1128 346 1158 Et
366 1129 397 1157 si
416 1137 486 1157 eum
510 1127 684 1164 deprimere
705 1135 767 1155 non
787 1128 886 1163 poles,
910 1127 980 1154 sine
1002 1134 1072 1153 eum
1096 1133 1197 1163 usque
1219 1125 1261 1152 ud
1281 1124 1370 1159 diem,
1394 1133 1454 1161 (μευ
1477 1125 1507 1152 ei
1525 1133 1586 1160 par
1608 1133 1651 1152 es.

321 1198 487 1236 Hortatur,
515 1201 560 1234 ut,
584 1196 612 1226 si
639 1196 702 1226 isto
730 1200 875 1234 tempore
902 1195 931 1224 ei
958 1204 1014 1234 par
1041 1203 1103 1223 non
1130 1195 1193 1233 sit,
1220 1198 1348 1232 tempus
1375 1192 1420 1222 rei
1446 1192 1594 1222 idoneum
1621 1196 1802 1232 exspectet.
1855 1191 2013 1222 Suffixum

222 1261 312 1291 vocis
336 1256 401 1304 ⁸205*
428 1259 467 1289 ad
493 1269 607 1289 vocem
635 1255 727 1300 “ff-*5³
755 1257 958 1288 referendum
984 1260 1046 1295 est,
1073 1261 1106 1287 ut
1134 1266 1190 1296 pro
1214 1252 1332 1302 2⁸55stss
1360 1256 1412 1285 sit.
1465 1255 1670 1285 Scholiastes
1696 1255 1874 1293 adnotavit,
1900 1263 2013 1284 nomen

223 1323 358 1363 tempori
385 1321 564 1352 definiendo
592 1321 773 1352 inserviens
801 1316 925 1364 (gij-lb),
952 1321 981 1349 si
1008 1323 1063 1350 aut
1091 1329 1160 1350 cum
1187 1320 1312 1349 nomine
1331 1324 1386 1349 aut
1402 1319 1639 1358 praepositione
1654 1319 1871 1359 coniungatur,
1901 1318 2014 1348 natura

223 1387 282 1417 sua
309 1385 438 1426 privari.
490 1385 628 1415 Similem
663 1382 813 1424 loquendi
851 1381 977 1412 modum
1015 1386 1141 1421 poetam
1177 1380 1362 1411 adhibuisse
1399 1382 1429 1411 in
1464 1382 1573 1411 verbis
1601 1382 1710 1419 (metr.
1738 1381 1867 1420 Sarih):
1897 1380 1923 1411 0
1952 1385 2014 1421 tu,

223 1449 291 1488 qui
317 1448 458 1478 noctis
486 1452 683 1486 tempore
709 1445 864 1475 incolis
898 1444 1042 1474 domus
1075 1443 1191 1474 furta
1224 1438 1351 1474 facis!
1385 1448 1417 1474 et
1446 1443 1555 1482 (metr.
1584 1443 1741 1482 Redjes):
1786 1442 1812 1473 Ο
1847 1447 1907 1483 tu,
1944 1442 2015 1483 qui

223 1511 335 1541 horis
364 1510 488 1541 somni
517 1510 652 1540 cibum
682 1509 834 1550 segnis
863 1505 1035 1546 coquis!

222 1622 259 1651 3.
279 1621 425 1652 Suaviter
447 1631 518 1650 cum
540 1630 574 1650 eo
596 1620 737 1658 loquere,
769 1621 1015 1657 quotiescunque
1037 1617 1172 1645 nooemli
1187 1616 1374 1653 facullcttem
1397 1624 1460 1643 non
1483 1616 1598 1653 habes-,¹
1628 1619 1661 1645 at
1687 1626 1773 1652 vero,
1806 1626 1902 1655 quum
1932 1619 2017 1645 certo

644 1676 718 1710 scis,
744 1677 773 1702 te
795 1682 864 1702 eum
886 1672 1028 1700 occidere
1047 1680 1150 1708 posse,
1172 1672 1262 1708 firmo
1286 1672 1391 1698 animo
1412 1671 1606 1708 uqyredere!

323 1744 499 1775 Consilium
525 1743 590 1781 dat,
617 1742 773 1782 quomodo
801 1751 881 1783 erga
907 1741 1085 1778 inimicum,
1112 1739 1140 1768 si
1167 1739 1299 1769 nocendi
1326 1738 1510 1770 facultatem
1535 1750 1597 1770 non
1624 1741 1758 1782 habeat,
1797 1747 1829 1772 ut
1858 1751 1929 1772 eum
1956 1742 2016 1773 ‹le-

224 1807 333 1848 eipiat,
360 1807 519 1848 agendum
546 1807 590 1836 sit
618 1805 726 1836 conf.
756 1805 894 1835 Meidan.
924 1804 960 1834 C.
997 1804 1027 1842 1,
1054 1801 1136 1832 38⁴.
1196 1803 1274 1832 Post
1300 1803 1433 1832 verbum
1461 1803 1715 1847 t“anobiectum
1741 1800 1830 1850 “S-²3⁸
1858 1804 2015 1843 supplen-

224 1869 297 1899 dum
324 1873 384 1899 est.
436 1868 531 1898 Voce
552 1866 649 1912 υἱὲὶε,
689 1866 772 1906 quod
810 1866 839 1895 in
874 1866 985 1895 bestiis
1023 1860 1180 1904 rebusque
1209 1864 1396 1904 adhibetur,
1432 1865 1669 1895 homoioteleuti
1703 1874 1800 1895 causa
1835 1865 1864 1894 in
1891 1865 2016 1896 homine

225 1941 304 1961 usus
330 1934 380 1961 est
406 1936 511 1970 poeta.
540 1930 671 1961 Camelo
699 1934 751 1960 aut
777 1938 871 1969 equO,
899 1929 947 1959 cui
975 1928 1120 1958 tendines
1148 1933 1363 1968 amputantur,
1394 1937 1475 1967 quae
1494 1926 1685 1968 significatio
1701 1927 1800 1956 verbo
1812 1929 1870 1971 5322:
1890 1928 2016 1967 propria

225 1998 296 2033 est,
334 1993 529 2032 pereundum
566 1997 625 2023 est.
687 1992 889 2022 scholiastes
917 1990 1012 2030 dicit,
1048 1999 1163 2020 nomen
1183 1992 1261 2034 ᾖξε,
1288 1999 1349 2029 quo
1376 1989 1512 2029 pretium
1537 1988 1670 2018 vitiatae
1690 1988 1885 2029 virginitatis
1911 1989 2016 2030 signi-

226 2054 351 2095 ficetur,
388 2064 408 2085 a.
438 2055 635 2084 vulnerando
663 2054 844 2084 derivatum
872 2062 960 2084 esse.
1022 2053 1132 2083 Verba
1159 2049 1267 2091 2444.an
1295 2049 1368 2103 effi
1410 2051 1664 2082 »matrimonium
1695 2050 1800 2080 dubii«
1834 2051 2021 2092 significare

226 2116 390 2157 videntur,
422 2121 539 2155 nuptae
560 2116 743 2156 virginitate
763 2115 868 2157 dubia,
894 2117 1030 2155 pretium
1056 2114 1242 2145 solvendum
1269 2124 1345 2144 esse
1373 2119 1405 2145 et
1432 2114 1580 2155 pretium,
1606 2113 1690 2153 quod
1715 2113 1796 2144 hauc
1822 2114 1861 2143 ob
1887 2123 2022 2145 causam

226 2180 394 2220 repudiata
419 2179 547 2220 accipit,
568 2182 624 2223 ἷξε
650 2179 838 2219 appellatur-

1021 2286 1233 2320 CCXXI.

977 2351 1121 2386 Alius
1143 2351 1278 2386 «lixit.

229 2422 256 2451 t.
281 2421 386 2458 Quum
405 2430 487 2459 qens
507 2425 624 2452 secreto
648 2422 835 2460 colloquitur
857 2423 887 2449 et
906 2422 994 2450 modo
1013 2422 1106 2459 funis
1127 2423 1161 2450 in
1181 2425 1309 2458 puteum
1331 2421 1462 2450 demissi
1480 2432 1514 2451 se
1536 2425 1706 2452 commovet

329 2491 469 2520 Mettum
498 2490 625 2520 dimidia
650 2500 726 2530 pars
753 2492 846 2520 metri
872 2489 995 2529 Redjes
1018 2493 1077 2521 est.
1127 2489 1230 2519 Poeta
1255 2489 1317 2520 hoc
1346 2489 1376 2519 in
1403 2500 1503 2520 versu
1530 2492 1637 2532 gentis
1664 2490 1928 2531 perturbationem
1956 2490 2022 2521 de—

228 2551 351 2592 scribit,
378 2551 451 2582 dum
477 2551 625 2582 homines
649 2552 688 2581 ob
716 2551 829 2581 malum
856 2550 1051 2590 inopinatum
1079 2556 1206 2581 secreta
1225 2552 1358 2583 consilia
1374 2553 1518 2584 ineuntes
1535 2553 1594 2583 huc
1607 2553 1686 2583 illuc>
1697 2552 1810 2592 trepidi
1825 2552 2014 2583 discurrunt.
