2247 2865
939 85 1206 115 -619—

177 186 353 225 Principem
380 186 512 225 saepius
540 195 609 215 cum
637 185 737 215 ariete
770 189 997 223 compararunt
1035 184 1140 213 llam.
1172 195 1200 224 p.
1227 188 1268 214 At*
1295 195 1325 216 v.
1354 185 1385 215 3.
1415 188 1458 215 Μ·
1484 195 1514 215 ν.
1544 188 1575 217 2.
1605 190 1651 216 ⁸⁶⁶1·
1680 197 1711 217 v.
1740 187 1772 219 3,
1801 187 1845 216 vt?
1872 198 1903 218 v.
1933 190 1964 219 5,

177 249 320 279 Verbum
344 261 423 292 ῥίῳ
449 249 539 279 vocis
566 246 674 290 ΜΗ
704 253 735 277 et
764 247 863 276 verba
890 257 974 286 ³5»
999 246 1066 293 0„ke
1083 254 1140 277 etc.
1169 248 1306 277 subiecti
1332 249 1419 277 verbi
1447 261 1527 291 0⁸:4³!
1554 252 1652 279 statui
1682 250 1888 281 describendo
1916 253 1966 282 in-

177 312 334 342 serviunt.
390 312 470 350 lpsis
497 317 529 341 et
558 311 674 351 gladiis
701 309 784 340 laudi
812 315 870 349 est,
900 310 982 348 quod
1010 311 1135 350 galeam
1163 310 1337 349 fulgentem
1368 311 1570 350 percutiunt,
1607 318 1638 341 ut
1667 313 1695 341 in
1723 314 1834 344 faciem
1862 326 1879 344 e
1906 325 1964 346 ca-

177 373 241 412 pite
269 373 402 412 sanguis
429 372 556 403 defluat.

179 482 230 512 16.
255 481 292 511 Si
311 482 413 519 yladii
434 484 532 510 nostri
549 482 642 509 ninn's
658 481 763 508 breves
779 484 862 511 snut.
887 481 1051 517 yse-ssibus
1067 483 1183 510 nostris
1199 483 1242 510 ad
1256 483 1360 511 hostes
1373 486 1504 521 propius
1521 485 1708 520 accedimus,
1734 489 1768 514 ul
1777 496 1963 523 puynemue.

178 549 229 578 17.
253 548 355 584 Quam
377 549 488 576 bonum
507 549 612 584 yemis
634 556 719 574 mene
741 556 851 582 aymen
875 550 933 583 est,
958 556 1051 584 quum
1075 549 1160 584 apud
1180 558 1269 585 reyes
1292 552 1418 586 (ιῃηιίηιι
1443 550 1654 579 com-enimn!

278 630 441 670 inpriore
468 639 564 659 versu
595 629 810 659 fortitudinem
839 629 943 670 gentis
972 639 1051 659 snae
1088 630 1213 669 laudnt,
1253 632 1281 660 in
1322 632 1501 670 posteriore
1537 638 1666 672 gentem
1701 643 1791 663 suam
1828 635 1964 664 caeteris

183 692 327 722 omnibus
355 691 596 731 praeferendam
623 702 699 721 esse
727 697 827 730 putat.
881 691 1018 722 Gladius
1044 692 1152 721 brevis
1189 693 1270 723 laudi
1311 698 1383 733 est,
1425 704 1518 733 quum
1548 695 1735 733 percutienti
1774 696 1899 734 propius
1927 696 1965 726 ad

181 755 306 785 hostem
329 755 371 784 sit
398 754 619 785 accedendum.
648 755 681 784 ln
703 756 870 794 proverbio
899 759 965 785 est:
995 755 1145 785 »baculus
1167 755 1263 785 timidi
1281 756 1405 785 mullum
1430 757 1544 795 longus
1571 763 1642 786 est«
1674 758 1788 795 (Meid.
1810 758 1863 796 18,
1879 759 1965 797 65).

180 818 322 847 Similem
349 827 477 848 sensum
504 818 613 847 llam.
642 828 670 857 p.
699 817 733 846 ἡ
761 828 792 846 v.
822 817 853 847 3.
883 823 913 847 et
950 819 979 847 in
1015 817 1143 846 scholiis
1180 828 1370 857 expressum
1401 819 1546 858 legimus.
1599 820 1632 848 In
1658 819 1793 848 'l'ebrisii
1823 823 1965 861 margine

182 880 261 909 alter
288 879 414 921 legendi
441 879 553 909 modus
579 881 685 924 *OQ
712 872 811 924 &All
840 877 928 920 ‘⁰:3²3
956 879 988 916 3l
1016 880 1185 910 adnotatus
1216 886 1275 911 est.
1329 880 1432 918 Quum
1462 882 1530 911 Deo
1566 891 1658 911 omne
1690 891 1836 923 magnum
1871 888 1903 912 et
1938 883 1966 912 in

182 951 242 972 suo
271 951 391 983 genere
415 942 575 971 excellens
604 942 770 979 tribuatur,
797 946 891 981 poeta
919 941 950 971 ab
978 949 1038 973 etc.
1067 943 1145 973 dixit
1173 942 1276 972 cons.
1305 944 1407 972 Ilarir.
1437 953 1465 982 p.
1494 945 1531 970 ΨΑ
1558 942 1658 972 schol.
1686 942 1792 973 Graiu.
1812 943 1867 972 Ar.
1887 944 1924 973 T.
1943 945 1966 973 1.

183 1015 213 1044 p.
242 1004 323 1034 474.
375 1004 457 1033 Voci
485 1004 581 1031 §lauze
609 1013 703 1033 casus
732 1006 940 1034 accusativus
968 1006 1059 1036 datus
1087 1010 1138 1035 est
1165 1005 1253 1035 modo
1282 1014 1299 1033 a
1327 1005 1540 1044 grammaticis
1561 1007 1651 1050 γῆμ’-ι’
1677 1004 1846 1043 appellatO.
1875 1005 1967 1035 Voce

182 1066 289 1097 addita
315 1067 404 1097 vocis
431 1068 498 1107 ‘033
524 1066 713 1107 significatio
740 1067 910 1106 specialior
938 1067 1078 1097 redditur
1105 1067 1234 1105 (Gram.
1264 1066 1319 1095 Ar.
1335 1067 1425 1098 '1'.11.
1444 1076 1473 1105 p.
1495 1065 1561 1095 113
1578 1075 1625 1104 sq.
1643 1066 1754 1105 446).
1783 1066 1965 1096 Posteriore

183 1136 290 1160 autem
318 1139 436 1160 versus
463 1134 554 1168 parte
581 1135 677 1169 poeta
703 1129 867 1169 indicavit,
896 1139 986 1159 suam
1014 1134 1144 1169 gentem
1172 1129 1240 1158 aliis
1269 1127 1351 1167 apud
1378 1137 1474 1169 reges
1502 1114 1727 1170 congregatis,
1763 1128 1967 1159 admiratione

184 1193 312 1234 dignam
340 1202 428 1230 esse,
455 1197 500 1231 ut,
530 1192 666 1222 caeteris
694 1202 763 1221 eam
791 1197 968 1231 praestare,
997 1190 1130 1220 dubitari
1158 1200 1218 1219 non
1243 1191 1357 1229 possit.
1410 1191 1497 1220 Loco
1525 1191 1617 1220 vocis
1644 1189 1790 1226 ωώἑῷῖ
1819 1191 1849 1220 in
1878 1191 1968 1221 Mer-

184 1255 270 1284 sukii
297 1254 406 1284 codice
432 1251 541 1286 vah>
568 1254 694 1294 legitur.
746 1253 872 1283 Sensus
900 1253 982 1283 idem
1009 1257 1069 1283 est.

188 1364 240 1393 18.
263 1363 380 1393 Omnes
399 1366 508 1400 gentes
531 1362 720 1391 camelorum
743 1363 965 1391 admissarium
987 1372 1080 1391 snum
1102 1364 1135 1390 in
1154 1365 1329 1401 propinquo
1352 1363 1495 1400 adligare
1518 1363 1612 1399 video,
1636 1364 1711 1392 dum
1733 1373 1790 1393 nos
1812 1374 1883 1393 eum
1904 1374 1967 1394 non

761 1416 914 1453 Iiyamus,
938 1420 972 1445 ut
990 1420 1118 1454 pastum
1140 1417 1234 1447 libere
1258 1419 1390 1446 lncedut.

286 1499 463 1530 Potentiam
491 1499 595 1540 gentis
626 1497 793 1534 describit,
820 1506 901 1536 quae
928 1502 1016 1527 tanta
1043 1498 1103 1539 sit,
1130 1504 1164 1528 ut
1191 1509 1282 1529 nemo
1310 1505 1419 1530 contra
1452 1509 1523 1529 eam
1557 1509 1619 1529 rem
1653 1500 1820 1539 suscipere
1846 1499 1969 1540 audeat,

186 1563 244 1594 sed
272 1562 371 1592 verba
399 1561 487 1591 vario
516 1559 605 1590 modo
631 1558 857 1599 intelliguntur.
909 1559 1110 1590 Scholiastes
1137 1561 1281 1602 putavit,
1311 1562 1389 1591 alios
1417 1561 1639 1591 admissarium
1667 1560 1809 1601 adligare
1836 1561 1970 1600 impedi-

186 1634 289 1666 turos,
316 1625 481 1664 quominus
509 1622 619 1652 carneli
647 1622 732 1651 illum
761 1631 889 1660 semper
915 1628 1090 1661 sequentes
1118 1623 1147 1652 in
1176 1623 1337 1662 pascendo
1360 1623 1451 1652 nimis
1475 1633 1493 1653 a
1520 1623 1626 1664 gentis
1648 1622 1792 1652 domibus
1812 1623 1971 1663 recedant,

188 1689 270 1731 quod
299 1689 439 1726 timeant,
467 1694 505 1715 ne
536 1684 647 1714 hostes
675 1684 705 1712 in
732 1683 802 1713 illos
830 1684 1040 1714 incursionem
1068 1684 1194 1724 faciant,
1221 1696 1312 1716 suam
1332 1691 1438 1716 autem
1457 1691 1587 1727 gentem
1608 1686 1749 1724 potentia
1775 1695 1835 1715 sua
1859 1685 1972 1714 fretam

190 1753 232 1782 nil
259 1752 381 1781 timere.
435 1749 504 1788 Ego
532 1750 636 1776 aulem
665 1755 793 1775 causam
821 1755 881 1775 non
908 1745 1020 1785 viden,
1058 1756 1114 1776 cur
1141 1757 1201 1776 non
1230 1748 1438 1777 admissarius
1467 1756 1649 1787 generosus
1677 1751 1709 1776 et
1734 1746 1840 1786 magni
1866 1746 1971 1786 pretii,

194 1823 288 1854 quem
317 1821 396 1852 gens
422 1809 586 1841 custodire
615 1809 731 1849 soicat,
759 1818 797 1838 ne
824 1809 876 1838 alii
903 1817 941 1837 eo
970 1808 1008 1837 ad
1039 1808 1143 1851 initum
1172 1815 1300 1839 utantur
1313 1812 1365 1838 aut
1383 1819 1451 1838 euin
1470 1809 1603 1849 rapiant,
1630 1808 1837 1849 significetur.
1865 1808 1974 1838 Scho-

195 1876 305 1905 liastes
332 1873 429 1912 dixit,
461 1856 682 1902 admissarium
710 1871 878 1910 principem
904 1871 1011 1911 gentis
1038 1871 1221 1912 significare
1257 1880 1373 1911 posse,
1413 1876 1447 1900 ut
1479 1879 1595 1899 versus
1623 1878 1740 1899 sensus
1768 1870 1828 1910 sit,
1863 1879 1974 1899 omnes

195 1943 308 1979 gentes
335 1946 353 1966 a
379 1935 522 1975 principe
547 1944 606 1964 suo
634 1944 694 1964 non
722 1934 870 1965 recedere
899 1934 1038 1965 hostium
1066 1934 1275 1963 incursionem
1294 1934 1456 1973 timentes,
1484 1942 1572 1962 suam
1590 1937 1696 1962 autem
1717 1937 1842 1973 gentem
1861 1932 1973 1961 hostes

194 2009 256 2029 uon
283 1999 404 2028 timere.
434 1996 553 2025 Ducem
580 2000 614 2024 et
639 1996 742 2025 virum
770 1996 882 2026 fortem
910 2006 1091 2035 quamquam
1119 2005 1188 2025 curn
1215 1995 1336 2025 camelo
1355 1995 1544 2025 admissario
1565 1995 1739 2034 comparari
1758 1995 1825 2024 scio
1854 1994 1974 2033 (conf.

195 2062 288 2091 llam.
316 2070 345 2099 p.
370 2061 426 2088 θ’θ’.
456 2068 485 2097 p.
513 2057 547 2087 Μ’
572 2067 604 2087 v.
634 2058 705 2096 4.);
733 2062 837 2087 tamen
865 2059 894 2088 in
921 2064 1030 2088 nostro
1058 2068 1153 2089 versu
1180 2068 1312 2088 sensum
1340 2058 1420 2088 hunc
1448 2058 1574 2098 longius
1601 2058 1735 2096 petitum
1763 2062 1847 2096 puto.
1883 2057 1974 2086 Abu-—

197 2118 303 2152 l'Ahla
328 2122 357 2150 in
385 2125 491 2150 nostro
518 2129 615 2149 versu
642 2119 726 2148 hunc
753 2121 955 2159 comparandi
982 2120 1107 2150 modum
1135 2121 1246 2151 videns
1272 2130 1403 2151 sensum
1430 2130 1549 2150 versus
1576 2131 1653 2151 esse
1675 2120 1768 2151 dicit:
1799 2120 1869 2149 Nos
1889 2119 1976 2158 prin-

194 2186 259 2225 cipi
288 2188 395 2214 nostro
422 2182 585 2212 obedimus
612 2187 644 2212 et
671 2182 868 2212 debellamus
896 2192 980 2223 eum,
1007 2192 1141 2222 quocum
1167 2184 1280 2213 bellum
1305 2184 1400 2224 gerit.
1443 2184 1485 2213 Et
1511 2184 1538 2213 is
1565 2183 1752 2213 admissario
1778 2182 1886 2212 similis
1912 2186 1976 2221 est,

194 2247 287 2277 cuius
314 2245 474 2275 vinculum
500 2244 679 2283 depositum
705 2248 768 2273 est.

988 2350 1209 2385 CCKLX.

618 2415 758 2450 uixit
779 2416 1014 2451 Alei-dail
1037 2418 1081 2451 b.
1105 2417 1317 2452 Alfareh
1338 2415 1564 2458 nnuma.

299 2498 400 2529 Poeta
425 2498 551 2528 nomine
577 2497 727 2527 Alohdail
752 2497 782 2527 b.
812 2497 945 2528 Alfarch
970 2498 1000 2527 b.
1017 2497 1113 2528 Malia
1133 2497 1163 2527 b.
1180 2497 1334 2527 Alaswad
1349 2502 1410 2526 eto.
1430 2504 1553 2536 egenus
1575 2498 1719 2532 tempore
1740 2491 1975 2532 Omajjadarum

203 2561 320 2590 vivens
347 2565 421 2591 octo
447 2560 565 2591 fratres
591 2559 738 2592 habebat.
780 2559 885 2598 Quum
910 2560 1137 2601 Hadjdjadjum
1163 2560 1275 2599 satyra
1302 2559 1560 2599 perstrinxisset,
1584 2556 1662 2599 fuga
1689 2557 1728 2588 ad
1756 2557 1976 2596 imperatorem
