2247 2865
999 107 1268 138 -604—

242 206 268 234 1.
290 206 353 234 Per
375 208 467 234 vitam
490 204 611 234 meum!
631 206 757 234 Dorcas
774 205 844 233 alba
860 204 946 241 apud
957 206 1081 241 portam
1098 204 1336 234 Ebu-Molirisi
1346 213 1459 233 sonum
1477 214 1536 242 per
1558 213 1678 234 naseas
1702 205 1806 239 edens,
1831 207 2031 244 melacarpiie

1002 263 1131 294 ornata,
1156 261 1259 287 nitens

338 329 488 359 Homines
516 330 690 369 vituperat,
719 329 771 368 qui
800 329 898 358 vitam
926 327 1122 358 commodam
1151 328 1338 366 mollemque
1365 328 1481 369 pugnis
1509 327 1704 367 praeferant.
1732 329 1920 360 Mersukius
1945 328 2030 370 dicit,

240 396 365 431 poetam
393 392 480 422 hisce
506 393 614 421 verbis
649 393 770 432 virum,
797 392 849 431 qui
877 390 1051 422 ulciscendi
1078 390 1215 421 officium
1242 390 1435 431 negligeret,
1463 391 1663 430 respexisse.
1715 392 1862 422 Amatam
1889 392 1941 421 ille
1968 392 2030 423 ha·

241 455 518 494 misse-videtur,
548 458 602 484 aut
628 454 721 484 filiam
750 446 978 484 Ebn-Mohrisi
1006 458 1062 484 aut
1087 462 1237 493 servam,
1265 462 1283 482 a
1311 461 1372 491 qua
1397 461 1434 482 se
1461 462 1614 491 separare
1640 462 1701 482 non
1728 457 1860 494 posset,
1889 458 1923 483 ut
1951 453 2031 484 hanc

241 518 279 548 ob
297 528 426 548 causam
446 518 617 549 ulciscendi
632 518 738 548 officio
755 528 817 547 non
834 517 1051 547 satisfaceret.
1081 515 1220 546 Puellam
1240 515 1323 545 illam
1345 515 1507 554 pulchram
1525 526 1595 547 cum
1616 517 1753 547 dorcade
1770 518 1841 548 alba
1857 522 2030 557 comparat..

241 579 453 618 Comparandi
481 580 593 609 modus
621 588 719 619 saepe
747 580 886 610 occurrit
913 578 1021 609 conf.
1051 578 1143 607 Ham.
1174 587 1203 616 p.
1232 575 1276 606 lix?
1303 586 1334 606 v.
1364 577 1395 606 2.
1424 587 1456 616 p.
1473 577 1516 607 01²!
1533 588 1564 607 v.
1584 579 1615 608 4.
1643 589 1672 618 p.
1687 581 1724 609 ‘155
1745 590 1776 609 v.
1792 579 1824 609 3.
1853 589 1882 619 p.
1896 578 1943 609 *ir‘t
1960 579 2030 609 infr.

241 640 368 670 Thai-af.
395 641 502 670 Moall.
532 651 565 670 v.
597 642 680 680 qu.
710 642 822 671 Antar.
852 641 960 671 Moall.
989 650 1019 669 v.
1051 640 1108 670 57.
1145 639 1256 670 Caahb
1284 640 1312 670 b.
1340 640 1416 670 Soh.
1445 650 1478 669 v.
1508 641 1541 670 2.
1577 641 1732 671 Dorcadis
1761 642 1904 681 speeiem
1929 641 2032 671 albam

241 702 300 731 hoc
326 702 355 731 in
382 712 477 732 versu
507 704 715 744 memoravit,
752 714 833 743 quae
868 704 1076 744 pulcherrima
1110 708 1181 744 est,
1218 703 1248 732 in
1276 703 1382 732 arenis
1411 703 1534 744 degens
1563 704 1668 737 conf.
1695 705 1778 734 Diw.
1806 699 2030 734 Amru-i’Kais

242 773 270 802 p.
300 765 320 793 tl
337 774 368 794 v.
387 764 440 794 18.
495 764 608 795 Portae
633 766 847 795 Ibn-Mohrisi
875 768 1066 795 mentionem
1094 765 1212 794 fecisse
1239 764 1388 804 videtur,
1422 766 1505 805 quod
1533 767 1574 796 ibi
1601 767 1669 804 vir,
1707 776 1800 806 quem
1836 767 1926 807 vuit,
1963 776 2030 796 cum

241 831 344 857 amata
371 828 527 868 colloquia
554 828 696 858 haberet.
751 829 826 859 Vox
850 831 907 857 ’ἑλέ
933 838 1047 858 sonum
1075 838 1227 868 pernares
1258 829 1397 868 editum,
1432 830 1555 869 qualem
1584 839 1709 859 muscae
1737 829 1855 870 edunt,
1882 829 2032 869 designat

241 895 273 919 et
300 888 362 935 (3:¹5
388 891 414 920 is
441 897 503 932 est,
535 894 588 932 qni
617 892 713 922 talem
741 902 852 922 sonum
875 892 950 922 edit.
1003 892 1056 921 Ne
1079 896 1183 921 autem
1212 893 1281 931 quis
1311 897 1437 933 poetam
1465 903 1498 923 re
1526 904 1605 924 vera
1633 893 1800 923 dorcadem
1828 893 1932 932 velle,
1960 891 2032 931 opi-

241 957 344 994 netur,
373 956 473 985 verba
499 953 612 1000 Ob‘stffll
641 954 711 992 affl:
742 955 965 994 »metacarpiis
994 959 1124 984 ornata«
1156 954 1251 985 addit.
1304 955 1457 986 Feminae
1484 956 1612 986 brachia
1641 966 1755 987 ornare
1791 956 1946 985 solebant.
1976 954 2033 984 Fi-

241 1025 341 1056 guras
370 1025 431 1055 ope
458 1027 533 1047 acus
560 1019 591 1047 in
619 1017 755 1047 brachiis
783 1017 942 1047 faciebant
970 1021 1002 1045 et
1030 1016 1059 1044 in
1087 1016 1222 1046 vulnera
1248 1022 1303 1047 aut
1332 1018 1458 1047 stibium
1476 1006 1620 1056 ιμέκειιυῑ
1636 1019 1832 1059 pigmentum
1858 1027 1875 1047 e
1900 1017 2033 1058 fuligine

242 1084 386 1119 paratum
414 1080 508 1123 035)
536 1079 741 1119 spargebant.
795 1079 938 1120 Figurae
965 1081 993 1108 si
1021 1078 1173 1118 temporis
1201 1079 1341 1110 decursu
1370 1083 1474 1111 minus
1502 1081 1606 1111 clarae
1625 1081 1729 1111 factae
1756 1084 1857 1118 erant,
1884 1089 1949 1109 rem
1978 1089 2032 1110 re*

242 1150 361 1171 novare
388 1142 542 1171 solebant.
596 1141 657 1171 Rei
684 1142 831 1171 mulieres
860 1145 1026 1180 praeerant
1053 1141 1178 1179 (conf.
1207 1141 1323 1171 Sohair
1350 1142 1459 1172 Moall.
1486 1152 1520 1173 v.
1548 1142 1580 1171 2.
1610 1146 1642 1171 et
1669 1141 1770 1171 'l'araf
1800 1142 1907 1172 Moall.
1938 1151 1969 1173 V.
2004 1142 2031 1170 l.

242 1208 275 1232 et
302 1204 430 1242 schol).
481 1204 515 1232 ln
542 1203 663 1232 brachii
693 1204 858 1242 superiore
885 1208 976 1243 parte
1002 1204 1138 1232 annulos
1167 1204 1324 1244 gerebant
1350 1205 1475 1234 nomine
1495 1204 1636 1245 generali
1652 1209 1774 1241 Mu,
1802 1201 2033 1254 specialigxlao

242 1267 430 1306 appellatos.
482 1268 515 1296 In
543 1266 691 1296 inferiore
720 1272 812 1306 parte
839 1276 934 1306 supra
969 1277 1096 1307 carpum
1135 1273 1354 1298 ornamentum
1387 1267 1564 1307 habebant,
1604 1267 1695 1296 cuius
1729 1267 1758 1295 in
1793 1277 1891 1297 versu
1923 1272 2034 1296 nostro

242 1332 357 1360 mentio
386 1330 433 1367 fit,
462 1329 539 1373 0qu
567 1334 619 1360 aut
648 1334 777 1379 Eximius>
805 1328 1007 1368 appellatum.
1061 1331 1111 1359 Ex
1138 1330 1294 1371 vocibus,
1324 1339 1405 1370 quae
1434 1330 1543 1360 ambae
1575 1329 1725 1359 Persicae
1753 1329 1903 1370 originis,
1931 1327 1974 1374 Db
2000 1335 2033 1358 et

242 1398 356 1429 isa-41..)
383 1397 464 1434 sunt,
493 1393 582 1432 sequi
609 1392 748 1432 videtur,
776 1400 890 1420 nomen
917 1401 987 1421 eum
1016 1392 1060 1422 rei
1086 1402 1146 1422 usu
1177 1402 1217 1422 ex
1245 1392 1377 1422 Perside
1404 1393 1433 1421 in
1461 1392 1610 1421 Arabiam
1638 1393 1898 1432 transmigrasse.
1939 1392 2033 1421 Plura

244 1456 304 1486 alia
330 1460 513 1486 ornamenta
541 1456 668 1486 Arabes
695 1465 713 1484 a
742 1455 851 1484 Persis
879 1454 1051 1496 didicisse,
1091 1464 1131 1485 ex
1157 1455 1332 1485 nominibus
1360 1454 1596 1496 cognoscimus.
1648 1453 1723 1483 Vox
1750 1454 1859 1494 023⁸*
1885 1454 1915 1483 in
1942 1463 2033 1494 puro,

243 1517 340 1548 nitido
368 1518 514 1549 dorcadis
542 1520 648 1549 colore
673 1519 849 1552 adhibetur,

243 1628 273 1655 2.
299 1626 411 1656 Carior
432 1629 515 1656 vobis
537 1632 591 1661 est,
614 1638 707 1667 qnam
731 1629 850 1661 domus,
877 1629 968 1656 cm'as
991 1627 1152 1656 columnae
1173 1627 1275 1664 yladn·
1293 1630 1370 1656 sun!
1390 1630 1421 1655 et
1442 1627 1554 1655 hastae
1575 1629 1759 1663 strepentes.

342 1701 469 1730 Versus
498 1711 566 1731 cum
596 1705 700 1741 priore
728 1702 906 1732 cohaerens
936 1701 1032 1730 vitam
1060 1701 1228 1730 molestam
1255 1705 1287 1730 et
1314 1701 1525 1740 periculosam
1554 1700 1638 1729 vitae
1668 1699 1753 1728 molli
1790 1700 1930 1738 opponit.
1975 1701 2032 1730 Si-

244 1764 348 1794 milem
375 1774 506 1794 sensum
537 1769 630 1804 poeta
658 1765 806 1794 versibus
832 1765 1040 1804 sequentibus
1069 1764 1231 1803 expressit
1263 1761 1368 1805 (metr.
1395 1758 1523 1803 Sarno:
1561 1762 1639 1790 Per
1667 1759 1817 1791 Deum!
1853 1762 2031 1791 Somnus

244 1828 281 1855 in
312 1829 457 1856 serico
485 1828 730 1865 stratisque
758 1827 917 1856 farctis
946 1832 986 1855 et
1016 1827 1200 1856 eburnea
1228 1825 1341 1855 sella
1369 1835 1454 1855 cum
1484 1825 1628 1864 puella
1656 1829 1798 1855 tenera
1827 1826 2030 1865 gestibus

244 1892 477 1920 amatoriis
506 1895 672 1927 utente,
701 1890 876 1919 facilior
904 1894 988 1927 est,
1016 1899 1034 1919 ο
1061 1885 1252 1920 Ahmruel
1290 1898 1404 1928 quam
1438 1887 1562 1917 initio
1596 1888 1742 1917 noctis
1771 1888 1856 1917 iter
1883 1888 2030 1918 facere

244 1957 283 1981 et
309 1953 531 1982 anhelitus
560 1953 773 1982 novennis
801 1952 1007 1992 (cameli),
1038 1951 1252 1981 aenerosi.
1306 1952 1341 1980 In
1367 1951 1543 1987 itineribus,
1573 1960 1654 1989 qnae
1681 1955 1792 1980 contra
1819 1951 1931 1996 hostes
1954 1961 2031 1991 pro-

1036 1978 1056 1992 Ο

244 2013 426 2044 ficisceiites
454 2015 682 2054 suscipiebant,
710 2015 740 2044 in
768 2015 882 2054 quihus
913 2015 1119 2044 tentoriorum
1148 2018 1322 2052 apparatus
1349 2021 1455 2042 secum
1484 2016 1612 2051 portare
1639 2022 1701 2042 non
1729 2017 1888 2052 poterant,
1915 2014 2031 2054 gladiis

243 2076 425 2114 lanceisque
454 2076 497 2104 uti
512 2077 670 2117 sotebant,
699 2081 730 2106 ut
748 2081 857 2106 contra
877 2077 954 2106 solis
973 2076 1117 2106 ardorem
1145 2081 1199 2104 aut
1220 2078 1444 2113 tempestatem
1465 2075 1614 2104 vestibus
1634 2075 1786 2114 appensis
1805 2084 1842 2104 se
1857 2080 2031 2113 tuerentur,

244 2134 314 2175 (Ι).
337 2132 479 2176 340.)
532 2139 752 2178 ScholiasteS,
781 2140 810 2169 in
836 2140 976 2169 desertis
1004 2146 1162 2178 pauperes
1190 2137 1244 2166 tali
1273 2136 1361 2166 modo
1389 2137 1447 2165 sibi
1475 2136 1615 2166 umbram
1641 2145 1787 2175 parasse,
1814 2136 1897 2166 dicit.
1949 2137 2031 2167 Rem

243 2213 303 2232 non
331 2212 436 2242 nego3
464 2201 522 2231 scd
551 2204 581 2230 in
608 2211 705 2231 versu
732 2208 841 2231 nostro
870 2202 909 2231 de
930 2201 1123 2241 pauperibus
1142 2198 1344 2240 cogitandum
1366 2208 1426 2227 non
1447 2204 1507 2227 est.
1561 2199 1661 2229 Poeta
1678 2201 1893 2238 tentoriorum,
1919 2209 2030 2239 quam-

243 2275 332 2304 quam
361 2275 393 2294 re
421 2274 498 2293 vera
526 2265 664 2293 tentoria
692 2274 751 2292 non
780 2270 865 2304 sunt,
894 2265 1084 2293 mentionem
1112 2262 1195 2292 fecit.
1248 2261 1388 2290 Similem
1415 2260 1443 2289 in
1464 2260 1603 2290 desertis
1621 2261 1751 2291 vivendi
1769 2261 1893 2291 modum
1910 2262 2029 2291 Amru-

243 2324 382 2356 1’Kaisus
411 2326 581 2364 descripsit
607 2326 686 2354 conf.
704 2326 817 2354 Diwan
845 2325 1064 2356 Amru-I'Kais
1092 2334 1120 2363 p.
1141 2326 1170 2353 ro
1197 2333 1229 2352 v.
1249 2324 1269 2353 6
1286 2333 1332 2362 sq.
1386 2324 1585 2353 Laneearum
1620 2329 1726 2354 autem
1752 2324 1907 2363 strepitus
1935 2327 2029 2353 vento

243 2391 353 2428 flante,
381 2388 492 2426 quibus
520 2387 650 2417 lanceae
677 2390 780 2416 terrae
808 2386 924 2416 infixae
952 2391 1168 2427 moverentur,
1197 2385 1303 2415 fiebat.

242 2505 272 2535 3.
301 2505 386 2533 Viris
409 2506 486 2535 dico,
513 2513 643 2542 qnorum
664 2506 755 2539 patet·
777 2503 939 2531 Ulisi-arus
961 2503 1016 2531 est,
1042 2500 1115 2528 <lum
1137 2508 1194 2527 mis
1219 2501 1251 2526 in
1272 2508 1400 2536 pufflme
1422 2509 1530 2536 campo
1552 2502 1683 2533 stamus,

341 2582 439 2611 Suam
468 2581 496 2610 in
532 2581 641 2620 proclii
678 2589 787 2620 campo
824 2578 938 2620 agendi
973 2580 1126 2607 rationem
1164 2577 1226 2606 illis
1262 2578 1401 2616 opponit.
1455 2577 1629 2607 Cuiusnam
1656 2574 1780 2605 Dhirari
1805 2574 1867 2603 nati
1897 2573 2024 2613 fuerint,
