2247 2865
982 131 1252 164 -470—

227 241 390 278 pestrem;
424 235 482 266 sed
507 235 594 266 luxui
622 238 653 265 et
679 235 768 264 vitae
793 234 933 264 urbanae
960 233 1107 263 deditum.
1159 233 1292 273 Longas
1318 235 1430 262 vestes
1459 232 1486 262 ei
1515 232 1639 272 tribuit,
1668 236 1703 262 ut
1728 231 1909 273 significet,
1941 244 2011 265 eam

228 309 311 339 opus
338 307 400 328 non
427 297 545 327 facere.
598 298 688 327 Voce
715 297 818 336 witao
839 294 976 324 sericum
1002 294 1105 324 album
1133 293 1307 335 designari,
1335 305 1375 324 ex
1404 304 1502 324 versu
1530 295 1653 324 decimo
1681 295 1864 325 Moallakae
1891 296 2010 327 Amru-

229 359 340 393 l'Kaisi
382 362 526 402 »adipem
562 360 692 391 similem
726 358 856 389 fimbriis
889 358 983 388 serici
1017 358 1077 387 albi
1115 357 1195 386 bene
1228 357 1397 387 cortortis«
1436 357 1584 387 videmus
1619 362 1651 387 et
1683 357 1766 387 hanc
1804 358 1842 387 ob
1879 367 2010 388 causam

231 426 305 456 voci
323 414 421 473 §²535
448 424 541 453 serici
569 421 802 452 diversicoloris
830 420 1098 461 significationem
1126 419 1321 449 tribuendam
1349 425 1436 459 put0.
1471 421 1540 449 llas
1568 424 1674 449 autem
1704 428 1800 449 voces
1828 423 1921 459 poeta
1936 428 2013 449 con-

229 489 375 519 iunxisse
401 487 536 526 videtur,
567 489 600 515 ut
626 485 779 514 vestitum
807 484 875 513 eius
903 482 1191 522 splendidissimum
1219 481 1321 512 fuisse
1351 482 1545 512 ostenderet.

228 590 279 620 13.
308 589 384 619 Tum
405 598 471 617 eam
493 587 621 624 propnli
641 590 672 615 et
692 596 728 615 ea
750 586 838 614 modo
861 587 928 614 aris
950 585 1057 614 Katha
1081 585 1123 612 ad
1143 594 1244 622 aquae
1266 583 1368 613 Iocum
1391 586 1495 612 eun-lis
1515 587 1680 621 processit,

326 659 407 688 'rum
436 667 527 687 suam
554 666 633 697 erga
660 666 729 685 eam
757 655 874 695 agendi
900 657 1055 685 rationem
1084 654 1291 694 modumque,
1330 664 1391 693 quo
1422 663 1460 683 ea
1485 663 1522 683 se
1549 655 1692 695 gerebat,
1723 655 1880 684 describit.
1934 656 2010 686 Earn

230 721 413 751 surrexisse
440 725 472 749 et
500 720 603 759 ipsum
631 720 812 748 comitatam
828 728 915 759 esse,
944 718 1028 748 dicit.
1081 717 1195 747 Forma
1221 717 1312 746 verbi
1338 722 1434 746 sexta
1460 715 1629 756 significat,
1657 717 1834 747 subiectum
1860 718 1924 747 vim
1953 718 2012 748 ad·-

229 785 362 824 mittere,
391 793 481 822 quam
508 783 603 813 tertia
630 782 731 811 forma
759 784 788 811 in
817 781 971 811 obiectum
999 784 1139 820 exercet,
1168 785 1201 810 ut
1226 778 1366 812 Uxii-xli
1393 778 1570 819 signifioct3
1600 788 1645 808 se
1673 780 1860 818 propelli
1888 790 2013 820 passa

233 850 294 875 est
322 842 419 887 (conf.
445 844 555 875 Gram.
584 845 640 874 Ar.
668 845 704 873 T.
731 845 754 876 I.
782 853 812 883 p.
844 839 950 885 141.)
1003 843 1136 872 Formae
1162 845 1275 871 sextae
1304 842 1430 881 propria
1460 841 1651 882 significatio
1685 846 1734 871 est
1761 851 1853 871 unam
1891 848 2014 881 partem

229 908 372 947 corporis
402 908 440 937 ab
467 907 568 937 altera
595 908 686 947 quasi
714 906 873 947 protrudi,
910 915 970 945 quo
998 905 1049 943 fit,
1081 908 1113 935 ut
1144 905 1204 934 duo
1232 905 1373 943 corporis
1409 904 1509 933 latera
1535 905 1677 934 vicissim
1708 905 1737 934 in
1764 905 1893 935 incessu
1920 906 2012 936 incli-

228 975 362 1011 nentur,
397 970 448 1009 qui
476 969 586 999 modus
614 969 777 999 incedendi
805 968 929 997 feminis
965 968 1071 997 obesis
1107 967 1254 1006 proprius
1291 971 1351 996 est.
1404 966 1574 996 incedendi
1612 967 1738 997 modum
1775 968 1910 1003 feminae
1946 979 2015 1013 cugn

232 1033 521 1074 gressibuS,·quos
549 1042 628 1062 aves
646 1032 750 1061 Katha
778 1031 817 1062 ad
846 1041 956 1071 aquam
987 1032 1179 1062 accedentes
1207 1033 1336 1072 faciunt,
1364 1037 1538 1071 comparat.
1567 1033 1608 1061 Ni
1629 1032 1729 1067 fallor,
1758 1034 1847 1072 parvi
1875 1044 2013 1075 gressus

230 1099 306 1126 sunt
332 1094 520 1134 celeresque
546 1103 681 1133 corpore
708 1095 736 1123 in
766 1095 863 1124 latera
889 1095 1048 1124 inclinato.
1100 1095 1288 1124 Mersukius
1325 1094 1422 1132 dixit,
1457 1095 1528 1124 avis
1556 1096 1681 1126 Kathae
1715 1097 1755 1126 ad
1783 1107 1892 1136 aquam
1917 1107 2013 1128 acce-

229 1158 334 1188 dentis
361 1157 523 1187 incedendi
550 1157 672 1187 modum
700 1157 941 1196 pulcherrimum
969 1157 1078 1187 haberi
1107 1162 1168 1188 tum
1201 1157 1240 1186 ob
1275 1158 1423 1197 gaudium
1454 1163 1515 1187 tuin
1544 1159 1582 1188 ob
1617 1160 1835 1189 securitatem.
1888 1160 2014 1190 Parvae

230 1220 356 1260 puellae
384 1228 456 1248 cum
483 1219 592 1257 parvis
619 1219 732 1248 avibus
748 1219 852 1248 Katha
866 1219 957 1247 llam.
978 1228 1008 1257 p.
1023 1218 1064 1248 11⁹1*
1091 1219 1170 1249 v.2.
1198 1226 1398 1259 comparatae
1414 1226 1497 1251 sunt.
1526 1222 1748 1251 :xccusativus
1766 1222 1855 1251 vocis
1882 1222 1969 1267 5422»-
1997 1233 2014 1252 e

231 1282 330 1312 verbo
356 1278 494 1314 witz]
524 1285 670 1319 tauquam
698 1290 811 1310 nomen
840 1282 974 1311 actionis
1001 1291 1018 1311 e
1045 1282 1143 1311 verbo
1170 1291 1230 1311 suo
1258 1283 1386 1323 pendet,
1414 1284 1527 1323 quippe
1554 1285 1686 1314 verbum
1714 1283 1856 1317 war-5503
1883 1285 2014 1316 eandem

230 1343 517 1386 significationem,
555 1353 645 1383 quam
678 1350 776 1376 W
802 1344 961 1383 praebeat.
1014 1345 1092 1373 Tale
1127 1354 1238 1374 nornen
1273 1346 1405 1375 actionis
1440 1347 1637 1387 grammatici
1668 1352 1788 1387 &5³²⁸
1815 1348 2015 1387 appellarunt

231 1406 333 1447 (conf.
362 1407 518 1448 Agrumia
545 1418 574 1447 p.
603 1407 712 1446 197).
765 1406 1002 1437 Grammaticus
1030 1407 1205 1437 Sibawaihi
1232 1408 1363 1437 verbum
1389 1408 1510 1449 ipsum,
1539 1409 1566 1438 si
1595 1409 1624 1439 id
1651 1410 1681 1439 in
1708 1409 1815 1450 lingua
1843 1410 2014 1450 invenitur,

230 1475 304 1501 ante
333 1480 448 1500 nomen
477 1470 611 1500 actionis
637 1469 847 1509 supplendum
877 1475 986 1510 putat;
1012 1471 1061 1500 siu
1089 1480 1168 1500 vero
1195 1480 1256 1499 nou
1283 1470 1452 1511 invenitur,
1480 1472 1509 1500 in
1537 1472 1646 1502 verbis
1674 1474 1744 1502 eius
1772 1473 1916 1503 indicium
1938 1482 2014 1502 esse

231 1533 340 1563 dicens
368 1533 398 1563 id
424 1533 543 1563 definit.

231 1628 283 1656 14.
310 1627 456 1656 Eandem
477 1628 640 1658 osculatus
662 1638 732 1657 sum
755 1638 854 1666 eaque
876 1629 1038 1657 anhelat-it
1056 1628 1313 1667 quemadmodum
1336 1628 1449 1656 dorcas
1471 1638 1580 1657 socors
1601 1629 1738 1659 anhelat.

330 1697 483 1727 Feminae
510 1698 549 1727 ob
577 1697 840 1736 pulchritudinem
868 1701 957 1728 vario
986 1699 1078 1728 modo
1105 1708 1176 1728 cum
1203 1697 1394 1726 dorcadibus
1422 1704 1645 1737 comparantur
1673 1698 1774 1736 (conf.
1803 1699 1895 1727 Ham.
1923 1707 1953 1737 p.
1970 1696 2015 1727 ln?

230 1769 263 1788 v.
292 1759 324 1788 2.
351 1758 395 1788 0³²5
424 1770 456 1789 v.
485 1760 517 1788 4.
569 1760 675 1789 Taras.
713 1760 822 1790 Moall.
855 1770 887 1789 v.
913 1761 933 1789 6
961 1770 1007 1800 sq.
1062 1762 1172 1791 Antar.
1210 1761 1317 1790 Moall.
1355 1771 1386 1790 v.
1415 1761 1471 1791 57.
1525 1761 1608 1791 Diw.
1646 1756 1896 1791 Amru-l'Kaisi
1924 1771 1953 1800 p.
1983 1759 2014 1790 1²5

234 1834 266 1854 v.
296 1824 328 1853 6.
356 1829 387 1854 et
416 1825 484 1854 eius
512 1825 664 1854 Moallak.
693 1834 724 1854 v.
753 1824 809 1854 31.
847 1824 956 1854 Caahb
985 1825 1014 1854 b.
1043 1824 1158 1853 Sohair
1183 1833 1215 1852 v.
1239 1823 1311 1862 2.);
1339 1823 1400 1853 hoc¹
1427 1832 1505 1852 vero
1534 1823 1563 1852 in
1589 1832 1688 1852 versu
1716 1823 1868 1852 anhelans
1897 1822 2014 1853 femina

233 1895 305 1916 cum
332 1885 470 1916 dorcade
497 1886 666 1916 anhelante
693 1891 876 1926 comparata
909 1890 966 1916 est.
1019 1886 1144 1916 Dorcas
1173 1891 1279 1916 autem
1315 1886 1475 1916 adiectivo
1503 1883 1593 1932 :asinii
1625 1886 1786 1926 descripta
1812 1892 1871 1917 est.
1923 1888 2016 1918 Haec

232 1958 318 1989 vox,
347 1959 429 1989 quae
455 1958 516 1978 nou
543 1953 650 1989 potest
677 1959 739 1978 non
765 1949 984 1979 anhelanti
1012 1949 1139 1979 dorcadi
1167 1949 1375 1988 explicandae
1403 1950 1579 1988 inservire,
1608 1950 1636 1979 iu
1664 1950 1794 1980 scholiis
1821 1960 1882 1979 non
1910 1951 2016 1990 expli-

230 2014 341 2051 catur3
376 2016 450 2040 sunt
477 2012 559 2041 enim
586 2011 667 2040 duae
695 2012 775 2041 aliae
803 2021 904 2041 voces
931 2011 969 2041 ibi
997 2011 1188 2050 explicatae.
1240 2012 1321 2041 Voci
1348 2011 1554 2053 socordis
1579 2012 1844 2052 significationem
1871 2013 2015 2042 tribuen-

230 2071 300 2102 dam
328 2081 402 2102 esse
429 2082 489 2101 non
516 2073 647 2115 dubit03
674 2083 787 2103 socors
815 2076 893 2103 enim
914 2073 1042 2114 dorcas,
1069 2078 1253 2103 venatorem
1277 2083 1337 2102 non
1364 2075 1479 2104 timens
1507 2084 1583 2113 prae
1611 2074 1760 2104 socordia
1783 2075 1882 2104 altum
1909 2085 1928 2105 e
1955 2085 2014 2114 pe-

230 2138 320 2164 ctore
347 2135 490 2173 spiritum
518 2134 635 2165 ducere
669 2136 808 2174 putanda
842 2141 901 2166 est.
952 2136 1096 2176 Legendi
1133 2136 1265 2174 modus,
1305 2146 1395 2175 quem
1432 2138 1461 2166 in
1489 2138 1645 2167 Mersukii
1681 2138 1790 2167 codice
1825 2138 2013 2174 invenimus,

230 2195 320 2245 μέν’-..Β
347 2197 639 2237 (vulneratus)
667 2204 730 2238 est,
758 2203 791 2227 et
816 2199 984 2228 vulnerato
1009 2198 1040 2228 id
1068 2199 1225 2238 proprium
1254 2198 1399 2229 habetur.
1450 2200 1542 2229 Alter
1569 2210 1697 2240 quoque
1725 2210 1741 2230 a
1765 2200 1927 2230 Mersukio
1954 2198 2013 2228 ad-

231 2265 361 2290 notatus
388 2260 513 2300 legendi
540 2260 653 2289 modus
676 2258 764 2304 5344ss
793 2257 1033 2304 (fatigatus)
1059 2265 1122 2301 est,
1150 2266 1183 2290 et
1213 2262 1241 2291 in
1272 2261 1405 2302 fatigato
1433 2262 1513 2291 idem
1535 2263 1710 2292 observare
1738 2262 1821 2292 licet.
1873 2260 2014 2299 Uterque

232 2323 358 2365 legendi
386 2323 498 2353 modus
526 2324 556 2352 in
582 2324 717 2353 'l'ebrisii
749 2332 872 2363 quoque
893 2324 1004 2353 codice
1031 2323 1210 2362 adscriptus
1239 2329 1299 2354 est.
1352 2325 1494 2354 Puellam
1522 2325 1560 2355 ob
1588 2325 1779 2355 desiderium
1807 2328 1838 2354 el.
1862 2332 2014 2362 amorem,

232 2396 292 2426 quo
319 2387 447 2426 impleta
474 2391 534 2426 est,
561 2386 759 2416 anhelantem
786 2385 966 2425 descripsit.

232 2482 283 2512 15.
306 2483 353 2512 Et
371 2485 502 2520 propius
524 2484 678 2512 accedens
700 2483 802 2511 dixit:
824 2481 851 2512 0
873 2481 1134 2511 Monaclwhale!
1152 2486 1342 2525 quantas->in
1364 2494 1491 2520 corpore
1512 2487 1564 2513 tuo
1587 2485 1681 2514 ardor
1703 2481 1775 2512 est!

329 2552 409 2581 Tum
437 2552 489 2582 illa
517 2556 628 2582 tenera
652 2551 863 2582 sollicitudine
890 2552 984 2591 plena
1008 2552 1104 2581 amati
1132 2556 1283 2583 mutatam
1317 2554 1526 2584 conditionem
1560 2553 1699 2583 miratur.
1753 2550 1936 2581 Mersukius
1963 2550 2012 2580 di-

231 2615 290 2652 xit,
316 2623 398 2644 voce
423 2615 503 2646 cmi>
529 2618 655 2654 poetam
682 2615 826 2655 corporis
853 2615 1116 2656 propinquitatem
1136 2614 1317 2646 describere
1344 2615 1507 2655 noluisse3
1534 2614 1593 2644 sed
1607 2613 1721 2644 amoris
1734 2617 1769 2643 ‘et
1781 2612 2012 2646 sollicitudinis.
