2247 2865
914 92 982 119 ⁸——
1039 95 1108 127 119
1161 110 1207 119 —

179 193 212 222 2.
254 193 301 223 Et
320 194 354 222 in
373 194 492 230 proelio
513 192 648 224 chalem·
666 192 799 221 aderant
820 191 922 221 solum
945 202 1073 222 oacrum
1095 192 1226 230 cumulis
1250 192 1422 224 calcantes.

277 261 452 293 Chalcdum
471 263 499 293 b.
528 260 665 292 Alwalid
692 261 721 290 b.
750 260 1001 302 Almogliirah¹J
1029 271 1122 302 quem
1150 261 1253 292 dicero
1280 263 1359 301 vult,
1378 262 1546 303 propheta,
1568 262 1615 292 cui
1640 263 1728 292 Deus
1758 262 1878 301 faveat,
1896 262 1962 302 die,

178 335 239 366 quo
280 327 354 357 urbs
387 328 503 357 Mecca
541 324 850 367 expugnabatur²¹)‚
888 326 1039 365 equitatui
1075 326 1287 365 praefecerat.
1341 325 1402 364 Qui
1429 334 1522 365 quum
1559 325 1773 355 Koraiscliitis
1802 326 1830 355 in
1858 329 1962 356 monte

179 389 384 421 Cbandamah
410 389 617 429 occurrisset,
646 398 752 429 pugna
778 398 835 418 eos
862 389 892 418 in
922 388 1032 429 fugam
1061 388 1207 418 coniecit.
1261 388 1378 418 Verbis
1407 385 1528 428 [ἑξ-,ιω
1558 385 1676 427 μβ,
1705 387 1878 429 significat,
1907 397 1963 418 eos

179 457 296 482 terram
323 452 454 482 Meccae
480 450 611 491 pedibus
639 451 797 481 calcasse.
825 451 899 480 Vox
924 447 1036 480 &Um
1055 455 1214 480 extremas
1242 450 1430 492 ungularum
1449 455 1558 491 partes
1577 450 1736 492 designat.
1777 449 1960 492 Singularis

178 510 270 550 εμὲ-ω
293 521 336 542 ex
361 512 469 553 lingua
496 512 625 542 Persica
653 513 683 541 in
712 511 880 542 Arabicam
909 511 1082 542 translatus
1113 516 1174 541 cst.

178 597 211 627 3.
255 596 467 627 Occurrentes
489 592 677 637 (hostibus)
697 596 814 634 yladiie-
839 598 1029 633 omonimus
1049 597 1161 634 facies,
1188 606 1268 635 quus
1290 597 1394 634 alapis
1417 606 1481 625 non
1502 599 1701 634 exponimus.

277 666 418 696 Versum
436 665 551 705 duplici
579 665 671 695 modo
690 665 889 704 interpretari
904 665 985 696 licet.
1014 665 1104 695 Unus
1123 675 1254 696 sensum
1275 666 1386 696 offert:
1417 675 1478 696 nos
1505 665 1603 696 facies
1617 666 1733 706 gladiis
1760 665 1967 705 percutimus,

178 737 261 769 quae
289 728 329 757 ob
355 727 541 768 dignitatem
567 736 658 757 suam
683 728 826 758 manibus
865 737 925 757 non
956 728 1184 767 percutiuntur.
1230 728 1344 759 Facies
1364 729 1499 759 hostium
1527 729 1700 770 significat.
1741 728 1831 758 Alter
1859 733 1963 758 autem

177 790 291 821 modus
318 790 459 830 ipsorum
486 789 586 820 facies
614 789 746 831 intelligi
773 791 881 832 vult;‚
903 789 1166 831 quemadmodum
1203 790 1283 820 alius
1312 790 1442 830 (poeta)
1470 791 1568 820 dixit:
1609 790 1718 829 (metr.
1763 790 1965 829 Motakarib)

178 854 352 883 Animas
379 852 696 893 vilipendimus,
723 858 761 884 et
788 853 890 893 quod
918 854 1074 884 animas
1103 853 1422 895 levipendimuS‚
1442 853 1477 883 id
1506 854 1555 883 iis
1585 853 1732 883 maiori
1760 845 1830 890 (ΙΙ-
1854 844 1961 890 63.)

179 915 365 946 tutamini
394 920 470 945 est.
523 916 625 946 Dicit:
656 915 797 946 audaces
824 925 883 945 nos
912 921 1056 955 tempore
1084 915 1156 945 belli
1184 915 1283 945 facies
1310 919 1439 945 nostras
1464 914 1666 955 exponimus,
1687 923 1770 953 quae
1789 913 1849 943 alio
1879 918 1964 942 tem-

178 987 255 1019 pore
282 977 436 1009 defensae
462 984 547 1019 sunt,
563 984 597 1009 ut
624 979 668 1009 rei
695 981 841 1019 ingratae
867 988 928 1008 non
949 982 1149 1017 exponantur
1162 977 1201 1007 ob
1221 976 1366 1007 eximiam
1383 975 1579 1016 prudentiam
1598 980 1740 1005 nostram
1755 971 1793 1017 ³).
1831 974 1965 1015 Legitur

177 1050 303 1082 quoqne
326 1043 358 1072 in
383 1050 502 1072 versu:
527 1042 595 1080 (sio
621 1041 650 1071 in
678 1042 797 1080 Mers.)
826 1040 942 1080 50:04¹>
959 1039 1009 1084 ,εὖ
1029 1036 1090 1078 35?
1121 1040 1172 1069 »in
1199 1039 1279 1069 omni
1303 1039 1373 1069 loco
1403 1039 1582 1078 periculoso
1610 1046 1736 1079 genas«
1747 1032 1789 1077 ⁴).
1817 1037 1893 1067 Vox
1909 1036 1965 1081 :⁵3

176 1105 244 1135 sine
270 1105 376 1134 vocali
402 1104 521 1135 mediae
547 1105 671 1135 litterae
698 1105 801 1135 locum
829 1104 999 1135 timendum
1026 1104 1186 1146 designat.
1214 1104 1339 1134 Littera
1366 1111 1393 1152 ε
1414 1104 1519 1133 vocali
1546 1103 1650 1133 Fatha
1677 1112 1738 1132 non
1758 1102 1912 1132 adficitur.

175 1202 208 1231 4.
249 1201 361 1240 Neque
383 1211 472 1230 arma
494 1212 562 1230 mea
585 1212 677 1237 emto,
703 1203 828 1240 qnmrdo
851 1204 976 1230 strenui
996 1202 1168 1230 abhorrent
1188 1198 1229 1241 [a
1250 1199 1384 1241 puffna)
1407 1211 1508 1239 neque
1531 1201 1657 1237 saqitlis
1678 1208 1795 1237 puyno.

273 1258 366 1289 Voce
394 1259 489 1305 στὶ-,3
517 1259 646 1298 (vestes
675 1262 782 1298 meas)
811 1270 896 1290 arma
921 1260 1155 1301 significantur.
1209 1260 1271 1290 Per
1299 1260 1519 1300 metonymiam
1550 1267 1638 1288 arma
1665 1261 1780 1286 vestes
1810 1259 1843 1286 et
1869 1252 1967 1295 panni

175 1320 387 1360 appellantur,
406 1321 669 1360 quemadmodum
695 1322 873 1352 Hodsailita
893 1323 1024 1361 (poeta)
1041 1321 1136 1352 dixit:
1166 1322 1275 1360 (metr.
1293 1321 1435 1359 'l'hawil)
1454 1320 1537 1350 vae
1564 1319 1680 1348 matri
1700 1318 1814 1357 (viri)
1835 1325 1965 1347 armo-

176 1379 321 1422 rum5),
351 1391 456 1422 quae
483 1382 693 1412 Schahlus
721 1392 846 1422 super
874 1383 1052 1423 glaream
1093 1384 1241 1414 traxit.
1289 1384 1408 1413 Arma
1450 1382 1658 1411 honorata
1684 1386 1826 1419 erant,
1862 1388 1967 1420 quae

175 1446 295 1477 isthic
323 1447 528 1486 peribant.
557 1448 630 1476 Hoc
656 1447 685 1475 in
715 1447 783 1475 loco
812 1456 876 1475 vox
895 1457 928 1493 λῳ
955 1455 1039 1476 arma
1059 1445 1208 1487 designat
1235 1452 1267 1477 et
1289 1446 1407 1475 Schahl
1427 1455 1604 1486 cognomen
1622 1449 1738 1484 poetae
1756 1443 1963 1474 'faabbatha-

174 1507 334 1539 Scharran
360 1515 440 1539 erat.
479 1509 540 1539 llic
557 1509 616 1538 viri
641 1519 659 1539 e
684 1514 782 1550 gente
808 1508 943 1538 llodsail
962 1509 1001 1539 ab
1021 1509 1090 1548 ipso
1119 1509 1215 1539 occisi
1232 1519 1327 1549 quum
1354 1519 1442 1540 arma
1467 1510 1622 1550 cepisset,
1650 1510 1789 1550 loricam,
1803 1518 1892 1549 quam
1910 1509 1961 1538 in-

175 1569 310 1612 duisset,
335 1571 375 1600 ob
401 1571 533 1601 brevem
558 1572 701 1611 corporis
730 1576 886 1601 staturam
914 1580 970 1610 per
996 1575 1111 1602 terram
1141 1571 1249 1602 traxit.
1279 1571 1369 1602 Haec
1396 1576 1449 1601 est
1476 1581 1575 1602 causa
1602 1581 1659 1602 cur
1686 1571 1802 1601 dixerit
1834 1571 1967 1602 »Traxit

174 1633 336 1664 Schahlus
352 1642 451 1673 super
466 1634 642 1675 glaream«
660 1633 795 1672 Quidam
807 1633 898 1672 dixit,
912 1639 1040 1674 poetam
1052 1644 1174 1682 vocejq
1190 1634 1330 1675 gladium
1346 1635 1506 1672 voluisse,
1523 1634 1606 1674 quod
1625 1634 1664 1664 ad
1682 1634 1815 1664 eundem
1830 1643 1962 1663 sensum

174 1696 266 1737 redit,
292 1702 339 1736 ut,
361 1705 457 1737 quum
484 1697 591 1727 brevis
617 1702 744 1728 statura
770 1702 872 1737 esset,
889 1697 1039 1738 gladium,
1063 1706 1157 1737 quem
1185 1698 1352 1736 cinxisset,
1371 1696 1499 1727 baltheo
1526 1697 1618 1726 nimis
1645 1696 1752 1737 longo,
1779 1705 1836 1735 per
1852 1700 1967 1725 terram

174 1759 327 1790 traheret.
351 1760 470 1790 Verbis
499 1757 638 1806 'nimiis
667 1760 792 1791 »loricis
809 1766 914 1791 tectos
934 1759 1164 1790 abhorruisse«
1186 1758 1360 1801 significat.
1387 1758 1542 1789 Refertur
1556 1767 1682 1798 quoque
1701 1757 1730 1786 in
1748 1759 1899 1804 versu?
1926 1755 1967 1785 last

174 1818 264 1852 &Lo-{Sl
295 1831 409 1862 ”quum
435 1822 557 1864 gladios
583 1823 614 1853 in
640 1822 843 1864 evaginando
871 1826 1033 1852 movent.«
1065 1822 1174 1851 Verba
1189 1816 1311 1867 &abib
1338 1821 1406 1850 loco
1436 1809 1615 1851 accusativi
1634 1824 1709 1851 sunt
1735 1823 1882 1860 tanquam
1893 1825 1966 1851 sta-

177 1888 240 1914 tum
263 1883 476 1914 describentia
502 1884 522 1914 i.
547 1893 576 1914 e.
615 1895 676 1915 non
704 1885 786 1915 facio
814 1884 872 1914 nisi
902 1885 986 1915 iactu
1013 1888 1151 1913 certans.
1206 1882 1298 1912 Voce
1323 1879 1406 1924 ‘dl->57⁴
1441 1879 1545 1925 (iactu
1572 1879 1715 1925 certare)
1756 1882 1965 1913 adversarios

175 1940 331 1987 (eminus)
357 1945 468 1985 repelli
494 1944 666 1986 significat.
701 1947 793 1976 Licet
819 1956 948 1986 quoque
963 1944 1143 1985 admittere,
1163 1954 1234 1975 eum
1251 1949 1415 1984 utramque
1434 1953 1499 1974 rem
1518 1954 1662 1986 negasse
1687 1945 1706 1975 i.
1727 1955 1756 1975 e.
1772 1954 1835 1986 ego
1852 1950 1966 1975 vestes

176 2014 266 2035 meas
291 2015 353 2035 non
379 2015 474 2045 exuo,
500 2012 535 2037 ut
558 2017 609 2037 me
635 2007 946 2038 leviorem-reddam
972 2008 1003 2037 in
1029 2006 1272 2038 retroverteudo
1299 2006 1381 2047 (leg.
1409 2004 1490 2048 ἐγώ
1518 2005 1562 2046 3)
1579 2012 1612 2036 et
1635 2006 1798 2048 fugiendo,
1818 2006 1891 2037 dum
1911 2007 1962 2036 lo-

176 2069 250 2099 ricis
280 2069 356 2099 tecti
382 2069 552 2101 abhorrent
564 2067 602 2115 ὃ).
648 2071 807 2102 Dixerunt
833 2081 968 2112 quoque,
994 2081 1126 2102 sensum
1153 2078 1247 2100 esse:
1275 2078 1375 2110 arma,
1404 2069 1518 2109 quibus
1544 2069 1669 2100 hostem
1697 2070 1860 2112 impugno,
1878 2069 1962 2108 turpi

196 2161 223 2191 1)
243 2160 337 2185 Cous·
356 2160 417 2184 libr·
435 2168 468 2187 m.
485 2163 592 2188 Selecta
609 2171 641 2188 ex
659 2164 773 2189 historia
791 2164 882 2188 Halebi
909 2170 970 2194 app.
993 2167 1018 2187 et
1046 2163 1138 2188 Abulf.
1166 2164 1235 2186 Ann.
1261 2163 1291 2186 Τ.
1316 2163 1336 2186 1.
1359 2168 1420 2193 app.
1456 2162 1527 2187 Voci
1556 2154 1657 2191 μβ
1689 2163 1715 2186 in
1733 2163 1826 2187 codice
1852 2154 1959 2191 Mla>

240 2203 451 2233 superscriptum
469 2208 518 2228 est.

191 2248 222 2278 2)
242 2249 279 2272 De
296 2249 462 2278 expeditione
480 2250 668 2274 Mohammedis
686 2254 782 2275 contra
801 2253 919 2275 neceam
939 2251 1065 2275 conseras
1082 2249 1172 2273 Abulf.
1194 2250 1261 2272 Ana.
1278 2249 1310 2273 'l'-
1328 2249 1348 2273 ¹.
1366 2256 1391 2279 p.
1413 2249 1467 2273 142
1484 2257 1543 2281 sqq.

191 2302 223 2334 8)
242 2303 319 2327 Hunc
335 2309 441 2327 sensum
459 2309 562 2334 quoqne
580 2308 659 2333 poeta
677 2305 812 2335 expressit
829 2305 935 2329 dicens:
955 2294 1083 2340 Lffa'lu'xs'ql
1109 2297 1179 2335 ειᾼε
1207 2296 1268 2327 Ui>
1292 2296 1352 2344 ὁὶ)
1381 2298 1406 2328 la
1420 2294 1463 2328 1ὸὶ
1483 2302 1564 2328 amsii
1587 2297 1694 2341 bufali
1713 2297 1814 2341 wad-Ji
1842 2292 1962 2339 ‘BQ'

241 2356 379 2380 »Animam
398 2356 570 2386 custoditam,
589 2357 702 2382 animam
719 2365 794 2383 suam
813 2359 934 2389 periculo
953 2359 1073 2390 exponit,
1091 2358 1298 2390 quotiescunque
1317 2358 1375 2383 eius
1397 2360 1570 2390 exponendae
1588 2359 1705 2383 officium
1731 2358 1780 2388 ipsi
1806 2360 1900 2382 adesse
1919 2358 1961 2382 vi-

238 2402 324 2425 detur.
344 2402 471 2433 (Mettum
491 2402 596 2425 Tbawil
615 2405 687 2431 est.)

191 2453 223 2483 4)
242 2455 317 2479 Loco
335 2455 412 2480 vocis
429 2448 453 2480 S
472 2455 498 2479 in
516 2455 649 2480 Mersukii
667 2455 757 2492 codice
777 2450 800 2480 la
818 2457 927 2489 legitur.

193 2514 224 2546 ὅ)
242 2517 314 2540 Ante
330 2523 470 2559 vocemj.)
487 2517 663 2548 supplendum
681 2522 747 2548 puto
766 2512 836 2554 255·

194 2568 224 2596 θ)
242 2569 371 2594 scholion
389 2570 532 2600 Μαι-συκῆ,
551 2577 582 2594 ex
600 2577 652 2601 quo
671 2571 735 2596 haec
753 2571 874 2596 desudata
889 2575 960 2603 sunt,
977 2574 1163 2598 detruncatum
1183 2577 1232 2599 est.
1268 2575 1303 2599 Ut
1319 2581 1415 2598 sensus
1434 2574 1569 2605 perfectus
1587 2576 1666 2604 esset,
1677 2574 1818 2605 sequentia
1837 2575 1957 2598 addenda
