2247 2865
957 67 1227 98 —431-

196 166 310 196 Crines
337 175 464 206 quoque
488 167 679 197 resecabant
707 166 816 197 cons.
846 167 962 197 Notice
990 177 1046 198 sur
1073 168 1101 197 le
1129 172 1223 207 poete
1251 167 1361 198 Lebid.
1389 178 1419 207 p.
1446 168 1512 198 128
1536 168 1606 198 insr.
1624 179 1711 199 vers.
1765 170 1892 202 L'xores
1912 177 1986 202 ante

196 228 452 259 Mohammedem
470 230 662 270 gossypium
677 232 836 270 sanguine
851 239 912 259 suo
926 240 1134 270 coiispersuni
1151 231 1179 260 in
1200 231 1301 270 capite
1330 233 1375 261 ita
1394 232 1566 272 ponebant,
1595 237 1628 261 ut
1655 238 1800 263 extrema
1819 234 1889 264 eius
1911 244 1986 274 pers

193 299 233 320 ex
263 291 336 320 velo
363 298 543 330 appareret.
604 292 673 321 lloc
701 292 824 321 nouuue
851 290 943 329 selam
969 293 1162 333 appellatum
1192 299 1243 324 est
1272 293 1382 324 conf.
1411 294 1516 323 Kam.
1569 294 1636 324 Sed
1675 295 1758 333 pileo
1787 296 1923 335 quodam
1952 297 1982 326 in

194 356 298 392 capite
327 358 433 384 tectae
460 363 537 384 esse
564 353 714 383 videntur
741 351 849 384 llam.
879 365 908 394 p.
925 354 968 384 fr·
995 365 1027 386 v.
1048 356 1079 384 4.
1133 355 1301 385 l’ulverem
1329 364 1454 394 quoque
1480 356 1510 386 in
1537 361 1635 396 caput
1661 357 1857 397 spargebant
1874 358 1985 388 llam.

196 425 225 454 p.
253 414 310 443 fir*
336 425 367 445 v.
399 416 428 446 l.
468 416 633 445 'rent-baut
661 415 811 445 mulieres
840 416 1029 457 plangentes
1056 427 1148 447 manu
1175 428 1319 458 pannum,
1347 415 1423 446 iilia
1450 418 1655 458 appellatum7
1683 428 1757 458 qun,
1786 422 1819 448 ut
1847 418 1984 459 videtur,

194 478 362 509 utebantur
388 478 427 509 ad
456 479 615 518 lacrymas
643 478 879 519 detergendas,
917 479 1026 510 conf.
1056 481 1187 510 Hamas.
1217 490 1246 520 p.
1274 479 1316 510 fr·
1345 481 1363 510 l.
1396 481 1449 510 19.
1503 481 1648 511 Aderant
1676 491 1799 521 quoque
1827 481 1985 521 practicae

195 540 333 592 (CN-³⁸25),
361 551 444 581 quae
471 541 558 571 corio
585 540 669 577 exi-7?
697 542 857 580 appellato
886 542 996 572 faciem
1022 542 1080 571 sibi
1105 543 1326 581 percutiebant
1353 543 1475 582 [cons.
1508 543 1641 583 Djeuh.)
1669 544 1709 574 ad
1737 544 1833 573 sunus
1859 548 1986 574 stantes

194 603 326 633 Hamas.
354 613 383 643 p.
413 605 474 633 ΜΡ
500 613 532 633 v.
563 604 592 637 1,
619 609 652 633 et
687 604 747 633 sibi
788 605 922 634 invicem
961 604 1191 643 respondentes
1219 606 1248 634 in
1276 606 1456 647 plangendo
1492 607 1686 637 adiuvabant
1713 606 1833 645 (cons.
1863 606 1984 640 Caahb.

192 665 221 695 b.
248 665 363 696 Sohair
390 676 421 695 v.
449 666 538 704 32).
590 668 738 697 Mortuus
766 667 795 696 in
824 667 942 696 l'eretro
971 663 1086 709 (ωε)
1114 668 1152 697 ab
1182 669 1310 709 amicis,
1352 670 1422 698 aliis
1462 670 1683 700 comitantibus
1719 669 1759 700 ad
1797 669 1982 709 sepulcrum

192 727 386 758 efferebatur
413 728 533 766 (cons.
562 729 694 759 Hamas,
723 739 752 768 p.
781 727 824 758 fl*-
852 728 921 758 infr.
947 728 1067 761 Caahb.
1096 730 1124 758 b.
1152 729 1268 759 Sohair
1295 740 1326 759 v.
1348 731 1435 769 27).
1490 730 1599 760 Occisi
1627 736 1734 761 autem
1762 731 1884 761 nonnisi
1910 734 1985 770 post

189 790 363 821 vindictam
392 796 524 821 sulutem
551 801 569 821 a
607 791 787 821 mulieribus
822 791 927 830 capite
965 791 1047 822 haud
1081 793 1191 822 velato
1232 792 1460 832 prodeuntibus
1495 793 1744 833 deplorabantur
1776 793 1984 832 laudibusque

190 854 426 883 extollebantur
454 854 580 892 (cons.
609 855 741 885 Hamas.
764 865 792 894 p.
809 854 856 884 fv·
876 855 945 887 infr.
974 861 1007 886 et
1032 856 1095 886 ibid
1123 866 1155 895 p.
1184 855 1234 886 ῐῖΓΛ
1255 856 1326 886 infr.
1354 862 1387 886 et
1414 858 1560 887 Mersuk.
1587 858 1626 887 ad
1654 858 1707 888 ist.
1735 858 1865 897 locum).
1894 857 1983 887 Ver-

190 917 297 948 borum
321 916 390 961 fou:
417 917 459 949 χοῖ
486 917 593 961 &stul
621 920 881 958 explicandorum
909 919 1067 958 duplicem
1094 919 1219 949 modum
1245 919 1440 949 scholiastes
1468 921 1646 961 proposuit,
1675 931 1769 951 unum
1798 930 1860 961 quo
1890 925 1987 960 poeta

190 979 299 1009 verbis
327 979 484 1019 hyaenam
511 981 682 1020 alloquitur
709 981 865 1021 hortans,
903 986 937 1011 ut
966 982 1049 1011 laeta
1075 982 1119 1011 sit
1145 981 1184 1010 ob
1211 981 1364 1022 caedem,
1405 992 1502 1022 quum
1529 983 1660 1013 occisus
1697 984 1725 1013 ei
1759 984 1827 1014 cibo
1855 983 1983 1013 futurus

188 1042 241 1079 sit,
270 1042 402 1072 alterum
430 1052 491 1081 quo
518 1043 619 1072 verba
636 1041 711 1086 5⁴³l⁴²
730 1041 897 1086 κοῖὀῖᾀκρῖ
921 1044 1068 1083 hyaenae
1096 1048 1247 1083 tanquam
1273 1053 1453 1085 cognomen
1479 1045 1554 1082 sint,
1585 1047 1604 1075 i.
1634 1056 1662 1075 e.
1714 1045 1895 1085 Relinquite
1932 1054 1983 1076 me

188 1104 230 1143 ei,
260 1104 309 1134 cui
331 1103 410 1133 baec
426 1104 523 1133 verba
543 1103 689 1133 dicuntur
709 1100 905 1146 (hyaenae);
932 1104 1079 1144 hyaenae
1109 1105 1204 1146 enim,
1232 1105 1283 1135 cni
1310 1105 1392 1135 haee
1410 1106 1510 1136 verba
1529 1106 1686 1145 dicuntur,
1714 1117 1818 1137 rerum
1847 1116 1986 1137 mearum

190 1189 267 1210 cura
294 1184 357 1219 est,
387 1184 420 1209 ut
437 1179 549 1217 verba,
575 1188 657 1218 quae
684 1179 870 1218 praedicato
897 1183 982 1219 sunt,
1010 1178 1088 1222 &jol
1108 1167 1170 1226 ἒ,
1191 1184 1247 1210 aut
1268 1180 1382 1210 similia
1403 1181 1623 1220 suppleantur.
1676 1181 1758 1211 Dum
1783 1186 1900 1219 monet,
1928 1189 1986 1221 pro

190 1242 290 1271 verbo
311 1240 418 1285 57:2qu
437 1241 500 1281 legi
529 1250 654 1280 quoque
681 1238 799 1285 &55⁸5
826 1241 1042 1271 absconde
1071 1246 1129 1283 te⁷
1157 1242 1355 1282 cognominis
1371 1242 1504 1272 eandem
1521 1243 1674 1273 rationem
1688 1253 1765 1272 esse
1781 1243 1866 1282 dicit,
1892 1253 1984 1282 quam

188 1302 382 1342 cognominis
411 1307 527 1341 poetae
547 1302 596 1346 ly&
609 1301 695 1334 „baffi
727 1304 862 1333 »malum
893 1304 953 1333 sub
981 1305 1109 1334 axillam
1136 1305 1271 1335 sumsit«
1303 1305 1423 1343 (conf.
1439 1306 1574 1345 llam.p.
1589 1308 1636 1335 ΓΡ
1650 1307 1669 1336 1.
1688 1307 1753 1345 8.),
1782 1316 1863 1346 quae
1885 1307 1985 1337 verba

188 1366 312 1406 origine
337 1374 397 1395 sua
424 1365 551 1404 phrasis
580 1366 791 1405 pronunciata
817 1368 893 1395 sint.
947 1366 1136 1406 Coguomen
1156 1376 1193 1396 eo
1213 1372 1315 1398 ortum
1336 1377 1414 1398 esse
1434 1368 1555 1409 dicunt7
1583 1368 1666 1408 quod
1685 1374 1820 1399 venator
1840 1369 1985 1409 hyaenae

188 1427 352 1458 latibulum
380 1427 558 1466 effodiens,
587 1428 736 1467 paulatim
765 1427 925 1458 recedenti
954 1427 1100 1468 hyaenae
1128 1429 1233 1459 dicat:
1274 1430 1382 1459 Mater
1410 1431 1531 1461 Alnniri
1560 1432 1722 1471 (hyaena)
1751 1431 1801 1462 hic
1831 1441 1893 1462 non
1920 1435 1983 1473 est,

189 1491 276 1520 laeta
303 1490 361 1530 sis,
390 1496 489 1520 mater
516 1490 639 1520 Aluniri
669 1491 707 1520 ob
735 1500 830 1520 ovem
861 1491 1047 1520 emaciatam
1075 1477 1117 1521 et*
1134 1492 1278 1521 locustas
1307 1492 1337 1521 in
1365 1492 1447 1522 coitu
1475 1493 1686 1523 cohaerentes
1705 1494 1986 1532 (cons.Meidan.

186 1553 224 1582 C.
254 1552 286 1589 7,
315 1552 413 1591 240:
444 1562 517 1582 nam
542 1553 641 1583 verba
668 1553 697 1582 in
725 1553 885 1592 proverbii
912 1553 1178 1583 consuetudinem
1199 1559 1368 1584 venerunt.
1399 1555 1455 1584 Sic
1479 1565 1620 1596 pergere
1645 1561 1845 1594 venatorem,
1872 1556 1985 1598 donec,

186 1623 279 1654 quum
306 1614 433 1654 hyaena
459 1613 498 1643 ad
527 1619 703 1644 extremum
731 1615 890 1644 latibulum
918 1615 1046 1652 veniat,
1082 1624 1208 1644 summa
1235 1624 1302 1644 cum
1330 1615 1531 1646 vehementia
1557 1617 1758 1647 extrahatur.
1811 1617 1983 1649 Gramma-

186 1678 319 1707 maticus
334 1677 510 1707 Sibawaihi
526 1677 641 1708 Chalili
657 1679 846 1707 auctoritate
861 1676 976 1714 fretus,
996 1686 1123 1706 versum
1139 1679 1253 1715 poetae
1268 1677 1458 1707 Alaehthal.
1485 1678 1593 1716 (metr.
1611 1679 1740 1718 Camel)
1758 1674 1827 1716 Cp·
1851 1673 1983 1716 218.)

186 1741 266 1770 lam
295 1745 508 1779 pernocte
536 1749 555 1769 a
582 1740 721 1779 puella
756 1743 943 1769 remotus
982 1743 1021 1769 et
1060 1744 1266 1778 pernocte
1303 1746 1500 1780 tanquam
1534 1743 1653 1782 talis,
1693 1743 1763 1773 cui
1799 1743 1981 1774 dicitur:

187 1799 289 1845 ‘⁰255‘
315 1797 350 1840 ὅ,
381 1813 462 1843 ²⁰5>
490 1799 509 1830 ”5
527 1800 549 1844 ¹)
579 1813 662 1833 »non
689 1814 891 1844 gynaeceum
920 1809 952 1833 et
979 1812 1040 1832 non
1066 1803 1289 1833 interdictum«
1321 1804 1403 1833 huuc
1430 1804 1658 1843 interpretandi
1686 1804 1812 1834 modum
1846 1807 1982 1846 recepit,

188 1875 229 1894 ex
256 1873 315 1903 quo
342 1861 371 1891 εὖ
401 1862 464 1900 §di-3
490 1860 581 1904 &xl
609 1871 684 1895 ante
710 1867 810 1896 verba
838 1877 918 1910 ²⁰5>
944 1864 963 1894 *5
991 1865 1169 1905 supplenda
1195 1871 1284 1895 sunt.
1336 1866 1494 1896 Chalilum
1522 1871 1630 1896 autem
1664 1876 1766 1896 versu
1799 1866 1983 1897 Alachthali

188 1927 289 1957 altero
317 1935 385 1956 eum
413 1927 587 1965 probasse:
615 1924 722 1968 (metr.
750 1926 891 1969 Thawil)
929 1928 1152 1966 Tempore,
1193 1938 1275 1967 quo
1316 1937 1425 1968 gens
1468 1927 1624 1958 Ohkail
1666 1930 1716 1967 (v.
1753 1928 1876 1959 Colajb.
1911 1937 1980 1959 sec.

188 1987 556 2025 Mersukii'lectionem)
586 1988 698 2028 ligni
737 1989 972 2030 fragmenta
1012 1994 1128 2026 sunt,
1170 1998 1245 2028 quo
1287 1989 1479 2029 scyphus
1521 1994 1756 2028 reparatur
1795 1995 1837 2021 et
1875 1999 1982 2032 gens

191 2049 312 2080 Cilab
339 2049 489 2089 estis,
517 2049 584 2078 cui
612 2049 787 2080 dicitur:
817 2052 1050 2082 Absconde
1078 2056 1134 2090 te,
1172 2060 1189 2079 o
1217 2045 1403 2090 hyaena!
1455 2050 1731 2080 Prioremversus
1759 2051 1984 2091 interpretandi

187 2111 314 2142 modum
342 2111 452 2150 (quem
480 2110 724 2150 praeferendum
752 2114 962 2154 putaverim),
991 2114 1042 2152 qui
1068 2113 1224 2152 sequitur,
1250 2117 1378 2151 poetam
1407 2113 1445 2142 ab
1474 2122 1535 2142 una
1562 2122 1701 2152 persona
1727 2113 1834 2144 verbis
1863 2113 1902 2143 ad
1929 2114 1979 2143 al-

187 2181 287 2205 teram
315 2183 352 2203 se
377 2173 581 2203 convertisse
607 2173 697 2203 videt
723 2179 755 2204 et
781 2174 916 2205 huiusce
952 2175 998 2205 rei
1025 2174 1206 2214 exemplum
1231 2175 1261 2203 in
1288 2174 1397 2203 verbis
1425 2174 1543 2205 Corani
1570 2175 1643 2205 Sur.
1675 2175 1731 2215 12,
1762 2175 1819 2205 29.
1847 2175 1979 2204 invenit.

189 2236 239 2267 »O
267 2230 418 2274 Iosephe!
446 2235 484 2264 ab
512 2234 574 2265 hoc
601 2240 634 2265 te
659 2241 774 2266 averte
801 2241 834 2267 et
861 2242 895 2266 tu
925 2233 958 2279 (o
986 2232 1112 2278 mulier)
1139 2235 1231 2265 huius
1259 2236 1399 2266 criminis
1430 2239 1557 2267 veniam
1586 2235 1681 2277 roga!
1733 2237 1815 2266 Sunt
1843 2246 1979 2276 quoque,

187 2302 242 2341 qui
269 2299 384 2337 dicant,
411 2308 450 2328 ea
477 2297 516 2327 de
543 2309 643 2329 causa
669 2300 849 2331 mandatum
877 2301 983 2331 datum
1010 2308 1094 2340 esse,
1123 2302 1156 2329 ul.
1182 2299 1285 2338 ipsius
1312 2298 1403 2328 caedi
1427 2298 1630 2329 ulciscendae
1658 2299 1785 2339 cognati
1813 2301 1979 2329 maximam

187 2371 316 2401 operam
342 2361 466 2402 darent,
495 2361 544 2391 alii
572 2361 707 2401 denique
735 2364 942 2402 contendunt,
969 2368 1096 2403 poetam
1123 2362 1271 2393 mandato
1299 2371 1359 2392 suo
1387 2362 1461 2392 dato
1488 2363 1531 2391 nil
1558 2361 1641 2391 aliud
1668 2362 1827 2400 voluisse,
1854 2362 1914 2390 nisi
1942 2366 1978 2392 ut

187 2433 206 2453 a
231 2424 312 2463 suis,
339 2423 399 2462 ipsi
425 2432 553 2462 semper
580 2423 843 2467 adversantibus,
870 2425 1083 2466 sepeliretur,
1111 2423 1185 2455 dum
1211 2428 1385 2465 speraret,
1420 2423 1510 2464 fore,
1546 2428 1581 2453 ut
1608 2423 1656 2452 cui
1684 2423 1761 2452 vivo
1789 2423 1977 2462 obsequium

208 2549 240 2582 ¹)
257 2551 289 2575 In
306 2551 437 2576 Mersukii
455 2551 546 2575 codice
565 2550 626 2575 loco
645 2550 721 2575 vocis
738 2557 818 2592 ²⁰2⁸>
834 2542 854 2576 ἵ
872 2552 974 2585 legitur
991 2559 1068 2601 Z?
1086 2545 1106 2578 “b
1125 2562 1197 2580 »non
1216 2555 1345 2582 crimen«.
