2247 2865
1012 105 1282 136 —246—

256 204 286 234 in
311 204 426 234 fratres
454 208 518 245 est,
544 203 702 233 desiderio
730 206 851 242 patriae
877 204 1026 243 impletus
1053 208 1106 234 est
1132 210 1166 235 et
1188 210 1316 245 gentem
1333 207 1450 235 aetatis
1471 215 1553 235 suae
1572 205 1709 246 benigne
1728 210 1879 237 tractat.«
1910 208 2049 239 Arabem

258 265 413 305 quendam
439 269 649 305 campestrem
676 266 820 297 dixisse:
857 267 930 296 »Ne
958 266 997 295 ob
1034 271 1151 297 terram
1185 268 1349 308 queraris,
1385 268 1414 297 in
1441 277 1503 307 qua
1531 277 1611 308 gens
1639 272 1694 298 tua
1721 271 1771 298 est
1797 273 1830 298 et
1854 279 1896 298 ne
1922 273 2052 311 terram,

258 328 289 357 in
318 336 379 366 qua
407 327 600 357 obstetrices
636 332 710 358 tuae
750 332 848 367 sunt,
887 327 999 357 iniuste
1036 324 1198 358 tractesl«
1242 330 1368 359 Arabes
1396 330 1539 361 dixisse:
1583 331 1716 370 »Equus
1745 331 1880 370 optimus
1908 337 1971 372 est,
1999 332 2054 372 qui

257 390 424 431 flagellum
452 391 592 420 maxime
627 391 734 428 timet3
769 390 1004 420 callidissimus
1022 401 1121 430 puer,
1161 393 1213 432 qui
1239 392 1371 423 scholae
1400 394 1535 423 maxime
1562 394 1663 424 iratus
1691 397 1762 433 est3
1800 394 2056 435 generosissima

259 452 375 493 puella,
405 463 488 492 quae
515 453 653 482 inaximo
682 452 795 482 domus
823 452 982 482 desiderio
1010 453 1139 484 adfecta
1165 459 1236 494 est3
1273 455 1549 495 generosissimus
1575 457 1650 497 equi
1676 457 1801 497 pullus,
1839 457 1891 496 qui
1918 456 2055 487 maxime

260 517 353 545 matri
372 514 542 552 adhaeret;
571 515 846 555 generosissimus
873 515 978 556 homo,
1007 516 1059 555 qui
1085 516 1243 546 hominum
1270 519 1432 547 consortio
1460 519 1598 549 maxime
1625 519 1752 549 deditus
1779 523 1865 549 est«
1902 519 2056 560 Narrant,

265 576 443 607 Chaledum
471 577 499 605 b.
527 576 740 606 Ahbd-Allah
757 577 921 607 Kesritam
934 577 962 616 ¹)
990 587 1071 607 anno
1087 578 1188 608 sterili
1206 588 1299 620 pane,
1327 579 1469 621 polenta,
1500 580 1638 621 dactylis
1654 581 1784 622 triginta
1803 581 1898 612 millia
1914 582 2057 612 Arabum

262 638 394 668 cibasse.
423 638 522 668 Arabi
548 640 719 678 campestri
747 649 845 679 quum
873 640 999 679 quidam
1026 642 1195 672 consilium
1223 643 1262 672 ad
1290 643 1464 674 Chaledum
1493 644 1669 674 accedendi
1689 645 1856 687 dedisset,
1883 645 1933 675 hic
1959 645 2057 676 dixit:

263 700 523 739 (metr.'l¹hawil)
551 701 690 731 Filius
719 702 974 742 Hadjdjadji
1002 703 1126 733 dicit:
1156 704 1213 733 Ad
1240 705 1324 734 iter
1349 705 1588 736 faciendum
1615 711 1787 745 paratus
1813 707 1891 747 sis,
1919 717 2058 747 neque

263 761 372 792 fame
398 763 605 803 moriaris5
640 764 678 793 in
706 764 859 803 oppido
887 765 1043 795 Harl-an
1072 775 1195 795 canes
1232 775 1276 796 se
1307 767 1492 797 invicem
1525 768 1758 798 adlatrant.
1796 769 1847 799 Et
1883 768 1960 799 iam
1995 778 2058 799 ca-

262 825 381 855 melis
409 826 619 856 vehentes
650 827 910 867 nuntiarunt,
938 827 1183 858 frumentum
1211 828 1409 870 fractum,
1437 830 1502 860 cui
1529 830 1644 860 velit
1670 830 1875 860 distribui
1901 835 1941 861 et
1967 831 2057 873 liba,

264 895 367 925 quae
396 897 580 918 voraces
607 889 782 919 satient.
812 890 967 928 Aquam
996 890 1233 929 Euphratis
1260 901 1336 921 non
1363 891 1509 931 cupivi
1537 897 1576 922 et
1602 896 1737 922 utrem
1765 889 1906 935 (vini),
1936 893 2059 924 cuius

265 953 390 988 potus
419 952 458 979 in
485 955 528 979 te
553 952 786 990 repentium
815 951 1085 982 formicarum
1113 957 1259 983 motum
1286 954 1464 985 excitat.
1507 954 1587 984 Sed
1614 955 1729 996 iuro,
1765 955 1848 986 liba
1875 955 2060 987 Chaiedi

265 1020 340 1039 non
381 1011 550 1041 vendam
588 1022 663 1051 pro
702 1013 900 1053 regionis
940 1014 1078 1053 Nedjd
1116 1015 1341 1056 odoribus,
1383 1016 1571 1055 quamdiu
1610 1017 1706 1047 eius
1746 1022 1864 1048 terra
1903 1022 2060 1059 manet,

265 1083 382 1113 quum
419 1075 457 1103 in
497 1075 589 1104 loco
626 1075 878 1106 Ahrmatain
915 1082 955 1107 et
993 1077 1132 1108 Zarah
1172 1077 1317 1108 ventis
1359 1078 1529 1118 plantae
1567 1079 1775 1110 Chosama
1816 1085 2059 1121 moventur,

265 1135 425 1174 quando
453 1136 541 1166 eius
570 1137 705 1176 ampla
731 1137 826 1168 loca
851 1138 1015 1169 madida
1036 1136 1184 1181 sunt‘2).

1030 1247 1299 1280 Lxxxn‘.

712 1312 926 1357 Quidam
948 1313 1109 1356 gentis
1129 1313 1441 1348 Banu-Asad
1463 1313 1602 1348 dixit.

368 1385 459 1421 Sunt,
487 1384 538 1423 qui
566 1384 837 1415 Ahhd—Alahsiso
865 1386 894 1415 b.
922 1386 1064 1416 Sorarah
1091 1396 1208 1416 versus
1237 1385 1430 1417 adscribant.

270 1469 296 1498 l.
321 1469 358 1499 Si
380 1480 422 1498 ex
444 1479 550 1498 eorum
573 1478 720 1501 numero.
755 1479 833 1508 quos
856 1474 890 1498 {n
913 1472 1045 1510 noi-isti,
1078 1480 1140 1500 non
1163 1480 1251 1507 3111115
1281 1481 1336 1507 eqo
1367 1474 1472 1499 tamen
1495 1471 1538 1499 ad
1555 1474 1680 1508 gentem
1700 1480 1889 1508 qenerosam
1909 1473 2062 1511 pertineo,

839 1533 881 1552 ear
903 1533 1009 1552 eorum
1032 1533 1172 1559 munero,
1197 1534 1275 1562 quos
1299 1528 1332 1553 tec
1354 1527 1494 1562 iynoras.

372 1593 417 1623 Se
445 1597 557 1622 contra
584 1592 747 1622 mulierem
777 1593 816 1622 ob
843 1593 1017 1633 ignobilem
1044 1593 1197 1634 originem
1223 1597 1326 1633 ipsum
1350 1595 1589 1633 vituperantem
1606 1594 1758 1625 defendit.
1785 1596 1843 1637 Se,
1871 1605 2060 1636 quamquam

272 1655 426 1685 nobilibus
454 1654 640 1693 parentibus
669 1658 765 1683 natus
793 1663 856 1684 non
883 1654 942 1692 sit,
978 1654 1112 1684 internis
1140 1655 1233 1685 animi
1260 1655 1386 1686 dotibus
1417 1662 1450 1686 et
1476 1657 1570 1687 factis
1598 1659 1788 1700 generosis,
1824 1668 1905 1698 quae
1940 1660 2065 1692 mulieri

273 1719 403 1759 ignotae
423 1718 498 1758 sint,
515 1717 649 1758 gloriam
663 1718 883 1757 honoremque
902 1718 960 1748 sibi
980 1718 1207 1758 acquisivisse.
1239 1717 1405 1755 Quomodo
1419 1719 1659 1759 interpretanda
1676 1723 1740 1750 sint
1758 1722 1857 1751 verba
1871 1721 2064 1767 eva-1204&

273 1791 313 1811 ex
341 1781 520 1820 posteriore
547 1790 666 1810 versus
695 1786 785 1820 parte
812 1781 873 1810 illis
903 1783 1052 1821 opposita
1085 1782 1244 1811 videmus.
1283 1781 1390 1811 Verba
1416 1783 1503 1820 Q
1535 1779 1591 1828 L⁵Ji
1623 1792 1665 1812 ex
1692 1783 1791 1812 verbo
1820 1785 1940 1814 omisso
1967 1784 2064 1831 &⁶²³5

272 1843 418 1882 pendent.
447 1844 521 1874 Vox
550 1841 620 1888 &5
646 1843 684 1873 ob
712 1843 894 1883 rhythmum
920 1853 938 1873 a
965 1854 1046 1874 voce
1073 1847 1160 1883 Q
1189 1849 1341 1884 separata
1369 1848 1428 1874 est.

273 1938 303 1965 2.
326 1937 371 1965 Et
393 1939 423 1965 si
443 1946 498 1974 eyo
521 1947 643 1966 ειιηιηια
666 1937 852 1966 liberalitate
883 1941 1016 1967 ornaltcs
1044 1947 1107 1966 non
1136 1948 1227 1975 sum,-
1261 1949 1317 1976 eqo
1348 1942 1454 1966 tamen
1485 1941 1575 1967 nocte
1603 1939 1769 1968 tenebrosa
1796 1940 1832 1969 ob
1862 1945 2066 1972 commeatum

950 1992 1149 2020 contumeliis
1170 2000 1233 2020 non
1256 1993 1393 2030 adficior.

377 2059 492 2089 Mulier
517 2060 571 2090 illa
598 2060 739 2090 fortasse
768 2061 942 2099 obiecerat,
970 2070 1040 2090 eum
1068 2061 1257 2091 liberalitate
1283 2062 1404 2092 clarum
1432 2071 1493 2092 non
1522 2071 1609 2092 esse.
1637 2062 1760 2093 Contra
1779 2063 1839 2094 hoc
1862 2072 1896 2094 se
1914 2063 2066 2106 defendit,

296 2149 325 2180 1]
345 2150 446 2174 Clialed
465 2151 489 2174 b.
511 2151 682 2175 Alibd-Allali
702 2152 727 2175 Ι).
747 2151 816 2174 Iasid
837 2152 861 2175 b.
885 2153 957 2175 Asad
978 2152 1001 2175 b.
1021 2152 1088 2175 Cors
1106 2143 1213 2195 (ἑλέ).
1249 2153 1323 2175 Asad
1344 2153 1368 2175 b.
1388 2153 1457 2177 Cors
1477 2157 1593 2184 tempore
1612 2159 1674 2178 ante
1694 2155 1818 2179 lslamum
1837 2157 1927 2186 gentis
1945 2154 2068 2187 Badjilah

341 2201 464 2230 princeps
483 2204 551 2224 erat.
587 2202 659 2224 luter
679 2209 725 2225 eos
746 2206 813 2231 erat,
832 2204 874 2233 qui
894 2206 954 2226 ante
973 2203 1099 2226 lslamum
1121 2203 1212 2226 vinum
1231 2203 1424 2226 interdicebant
1442 2210 1473 2227 eo
1484 2204 1661 2234 abstinentes,
1674 2206 1747 2229 Asad
1758 2206 1781 2228 b.
1793 2206 1862 2230 Cors
1873 2207 1978 2237 eiusque
1996 2206 2068 2230 filius

341 2246 411 2269 lasid
430 2246 522 2269 Islami
542 2250 643 2275 teinpus
663 2247 799 2278 attingens
819 2249 1011 2271 Molnamniedis
1032 2248 1190 2279 religionem
1209 2249 1325 2278 professi
1344 2252 1407 2272 sunt
1418 2252 1441 2272 et
1454 2249 1556 2272 lasidus
1570 2256 1657 2278 pauca
1676 2249 1706 2272 de
1724 2251 1853 2281 propheta
1872 2251 1972 2275 retulit.
1990 2252 2070 2275 Pater

342 2292 428 2315 nosti-i
449 2291 623 2315 Alibd-Allah
642 2293 711 2321 apud
732 2294 859 2316 Habibum
873 2295 896 2317 b.
909 2294 1049 2317 Moslimah
1062 2295 1194 2318 Feltritam
1206 2294 1312 2317 scribae
1323 2300 1418 2316 munus
1435 2294 1626 2317 administrans
1640 2298 1758 2324 tempore
1769 2296 1907 2320 Ohtsmani
1919 2301 2069 2327 cognomen

342 2333 486 2381 υἱὲ-ἠως
514 2335 637 2376 „pas-25
663 2344 767 2373 aceepit
785 2349 810 2368 et
829 2345 959 2375 dignitate
978 2345 1082 2374 polluit.
1126 2346 1188 2375 Ipso
1212 2347 1319 2369 mortuo
1344 2345 1433 2369 locum
1460 2346 1517 2369 eius
1541 2347 1612 2370 filius
1637 2348 1772 2371 Chaledus
1796 2346 1955 2377 occupavit,
1975 2350 2069 2376 postea

342 2392 452 2415 lliracae
472 2394 668 2421 praefecturam
688 2395 799 2423 accepit.
837 2395 936 2418 Dicunt
955 2403 1022 2425 eum,
1041 2396 1208 2419 Sendicismo
1227 2395 1370 2425 addictum,
1390 2396 1559 2420 Christianos
1579 2398 1728 2428 magosque
1747 2399 1972 2421 Moliammedanis
1991 2404 2070 2428 prae—-

344 2437 450 2461 fecisse.
487 2438 619 2462 Cltaledus
638 2442 724 2463 autem
743 2440 876 2471 dignitate
895 2442 964 2470 apud
985 2442 1158 2464 Heschamum
1177 2441 1287 2471 pollens
1317 2445 1410 2470 postea
1439 2442 1472 2465 ob
1499 2443 1582 2466 verba
1605 2443 1631 2466 in
1659 2443 1782 2466 oratione
1807 2443 1915 2472 prolata
1941 2444 1974 2467 ab
1998 2443 2069 2468 irato

343 2482 493 2506 Heschamo
512 2489 528 2506 a
546 2484 686 2513 provincia
706 2488 824 2508 remotus
843 2488 869 2508 et
891 2486 999 2514 punitus
1019 2489 1065 2508 est.
1102 2486 1166 2509 Eius
1186 2492 1290 2515 quoque
1308 2487 1381 2510 filins
1399 2488 1504 2511 Iasidus
1523 2489 1546 2512 b.
1568 2488 1668 2512 Clialed
1688 2489 1796 2512 occisus
1815 2492 1864 2511 est.

297 2526 326 2553 l)
345 2526 478 2550 Clialedus
498 2528 579 2559 igitur
598 2530 623 2553 in
643 2531 739 2560 oppido
760 2532 863 2554 Harran
892 2531 1051 2560 pauperibus
1076 2531 1163 2555 cibum
1188 2533 1357 2557 distribuisse
1383 2535 1498 2558 videtur.
1534 2536 1616 2558 Poeta
1635 2535 1714 2565 dixit,
1741 2541 1770 2558 se
1797 2534 1877 2558 vitam
1895 2538 2070 2564 campestrem

346 2573 462 2603 regionis
482 2573 565 2605 Nedjd
587 2576 659 2599 vitae
678 2576 831 2600 commodae
850 2577 876 2600 in
895 2577 991 2606 oppido
1012 2577 1156 2606 praeferi-e.
