2247 2865
975 89 1246 119 —464—

222 205 353 227 movere
381 191 513 232 studuit,
539 195 574 220 ut
600 192 698 220 vitam
715 199 804 221 suam
825 188 996 219 defendere
1015 189 1074 219 sibi
1093 189 1303 229 permitteret.
1356 189 1415 229 Illi,
1444 198 1538 229 quum
1557 189 1684 219 rediens
1704 189 1799 220 filium
1819 190 2014 221 descendere

222 258 316 297 nolle,
345 256 428 296 quod
454 264 565 285 necem
593 254 729 289 timeret,
758 251 890 292 diceret,
918 251 1044 280 litteras
1071 261 1108 280 se
1136 251 1175 281 ad
1201 251 1508 282 Ahbd-Almalicum
1537 251 1577 281 de
1607 262 1641 282 re
1669 252 1824 282 missuros
1854 263 1930 283 esse
1955 254 2013 283 mi-

223 321 387 351 nabantur.
438 317 577 348 Tandem
605 321 696 354 pater
723 314 889 354 fatigatus,
916 312 1082 351 promissis
1110 313 1297 342 securitatis
1326 312 1422 353 datis,
1450 313 1544 343 filium
1574 313 1770 343 descendere
1797 315 1890 344 iussit
1917 320 1950 343 et
1976 314 2015 344 ad

223 383 293 412 illos
323 382 464 412 adduxit.
516 380 562 409 llli
590 379 747 415 iuvenem,
776 380 945 414 postquam
973 383 1046 403 eum
1074 374 1182 403 verbis
1209 375 1473 417 obiurgaverant,
1502 377 1530 406 in
1558 382 1649 416 petra
1670 382 1857 408 mactarunt.
1886 378 2014 408 Iuvenis

223 456 262 477 eo
290 446 406 476 ductus
433 449 554 483 patrem
584 441 694 470 tetrico
722 439 813 468 vultu
842 437 1012 476 adspexit,
1040 442 1073 466 ut
1101 436 1153 465 ille
1180 436 1314 467 diceret:
1361 439 1454 468 »Etsi
1481 441 1586 469 onmia
1611 440 1793 480 obliviscar,
1821 444 1924 470 tamen
1955 449 2016 468 non

224 509 397 539 obliviscar
424 505 527 536 tetrici
555 504 661 534 vultus
689 502 802 542 Djahdi
830 506 859 530 et
890 500 972 540 quod
1000 510 1071 529 eum
1100 499 1274 529 necandum
1301 500 1512 530 tradiderim«
1577 502 1683 541 ipsum
1711 512 1820 532 senem
1849 507 2015 542 tantopere

222 573 462 611 percusserunt,
490 571 522 597 nt
550 577 621 596 euin
649 570 792 604 tanquam
820 565 960 594 occisum
989 564 1213 602 relinquerent.
1266 562 1409 591 Narrant
1428 571 1539 600 equum
1560 564 1654 593 occisi
1674 564 1799 593 invenis
1817 567 2016 605 sanguinem,

223 639 307 662 terra
336 631 456 661 effossa
484 629 694 670 quaesivisse,
723 627 825 657 donec
853 632 1038 657 moreretur.
1092 627 1161 656 Hac
1188 636 1222 655 re
1249 629 1380 665 peracta
1408 629 1573 664 postquam
1602 626 1681 656 alios
1709 627 1869 665 hominm,
1910 627 1959 665 qui
1987 627 2015 656 in

225 699 386 735 postrema
411 697 507 733 gente
534 691 713 732 degebant)
741 690 945 729 adflixerunt.
976 690 1058 719 unde
1081 693 1256 726 venerant,
1293 688 1427 718 rediere.
1481 688 1600 717 Nuntio
1638 698 1740 718 rerum
1777 693 1941 729 gestarum
1977 689 2016 718 ad

225 761 352 799 gentem
378 756 499 795 perlato
528 754 690 785 Clialedus
718 754 745 783 b.
774 754 882 782 Ditsar
912 753 940 782 b.
971 753 1084 783 Coi-ais
1113 752 1142 782 b.
1170 751 1317 781 Kothbah
1346 751 1374 779 b.
1403 750 1510 789 Sajjar
1544 749 1583 779 ad
1608 750 1929 780 Ahbd-Almalieum
1958 752 2015 780 iter

227 819 349 849 faciens
377 828 439 848 rem
469 817 610 847 narravit
641 820 671 845 et
700 816 851 845 maiorem
879 816 1053 845 occisorum
1082 824 1266 854 numerum,
1295 814 1345 853 qui
1374 824 1407 843 re
1428 824 1506 843 vera
1534 818 1614 851 erat,
1642 813 1731 843 dixit.
1785 813 2016 843 Ahbd-Alma-

222 884 302 917 licus
330 881 419 919 dixit,
445 890 480 910 se
508 881 536 909 ci
567 879 700 918 pretinm
729 878 893 917 sanguinis
921 888 961 906 ex
988 877 1147 916 stipendiO
1175 878 1300 907 militari
1329 878 1434 917 gentis
1462 877 1619 907 Kodhaah
1637 877 1782 907 daturum
1808 887 1895 906 esse.
1924 876 2016 914 Quod

222 956 314 986 quum
340 946 393 975 ille
419 955 457 974 se
484 948 686 982 accepturum
715 946 861 980 negaret,
890 939 1199 979 AlitJd-Almalicus,
1230 950 1265 971 se
1297 942 1343 970 eis
1372 941 1532 970 dimidium
1560 941 1650 980 pretii
1679 951 1720 970 ex
1739 941 1862 970 aerario
1890 941 2016 980 publico

223 1009 331 1039 statim
358 1007 501 1037 daturum
528 1015 602 1034 esse
633 1004 775 1043 promisit
803 1007 832 1033 et
857 1003 883 1031 si
913 1002 1006 1031 fidem
1035 1002 1064 1031 in
1094 1007 1256 1041 posterum
1285 1003 1445 1032 servaturi
1484 1003 1567 1040 sint,
1607 1003 1741 1032 alterum
1770 1002 1929 1033 dimidium
1959 1012 2017 1042 po·-

223 1075 296 1100 stea
324 1069 498 1098 soluturum
527 1067 667 1103 addens,
703 1075 737 1095 sc
773 1075 833 1094 non
870 1068 980 1103 putare
1005 1074 1062 1093 eos
1090 1065 1119 1093 in
1148 1064 1209 1094 fide
1237 1069 1380 1094 staturos
1413 1074 1504 1102 esse3
1542 1065 1655 1102 quibus
1689 1065 1797 1093 verbis
1837 1065 1874 1093 ab
1903 1064 2016 1093 Alibtl-

224 1132 378 1164 Alnialico
410 1135 540 1171 gentem
568 1129 752 1168 ins-‚ligatam
782 1136 857 1156 esse
886 1130 971 1165 sunt,
999 1128 1049 1164 qui
1075 1127 1189 1159 dicant.
1243 1126 1359 1156 Sofaro
1387 1127 1414 1155 b.
1444 1126 1597 1156 Albai-ets
1626 1126 1761 1156 Cilabita
1788 1126 1956 1166 suadente,
1984 1132 2015 1157 ut

226 1194 308 1235 quod
339 1194 498 1234 attingere
526 1196 669 1231 possent,
699 1191 903 1229 acciperent3
932 1189 999 1219 fore
1026 1191 1120 1227 enim,
1140 1194 1174 1219 ut
1201 1199 1253 1218 res
1273 1189 1350 1227 ipsis
1371 1188 1552 1217 adiumento
1573 1188 1628 1217 sit.
1662 1188 1696 1216 Si
1725 1188 1891 1228 abiissent,
1919 1188 2015 1217 filium

225 1256 365 1286 mulieris
394 1254 496 1283 oculis
520 1251 677 1282 caeruleis
703 1251 865 1289 praeditae
886 1247 1212 1294 (Ahbd-Almalicum
1228 1248 1271 1292 0)
1291 1251 1320 1279 in
1339 1252 1429 1289 ipsos
1450 1254 1641 1289 potestatem
1659 1250 1836 1280 habitururn
1853 1260 1914 1279 non
1931 1260 2015 1279 esse.

224 1318 391 1348 Pecuniam
418 1321 522 1346 autem
549 1324 643 1354 quam
672 1320 875 1353 acceperant,
903 1314 932 1342 in
954 1322 1054 1353 equos
1074 1323 1223 1352 armaque
1244 1313 1377 1342 emenda
1394 1317 1575 1352 erogarunt.
1606 1312 1707 1351 Quum
1728 1313 2016 1343 Ahbd-Alalisisus

226 1382 253 1411 b.
283 1382 428 1410 Mei-wau
446 1380 607 1417 (mortuns
629 1378 658 1406 in
674 1378 828 1418 Aegypto
846 1387 926 1406 anno
943 1378 988 1407 55
1007 1382 1059 1406 aut
1076 1377 1121 1406 82
1142 1382 1193 1405 ant
1213 1377 1290 1415 86),
1320 1379 1408 1406 cuius
1426 1382 1525 1406 mater
1541 1387 1559 1406 e
1575 1382 1673 1417 gente
1691 1377 1769 1407 calb
1786 1376 1917 1406 oriunda
1934 1383 2013 1413 erat,

226 1446 358 1477 Bischro
385 1445 413 1474 b.
442 1445 600 1483 ΜΘΝ-ειη,
629 1443 718 1472 cuins
747 1446 844 1471 mater
873 1452 889 1470 e
917 1446 1016 1481 gente
1045 1441 1122 1469 Kais
1152 1441 1306 1481 originem
1336 1441 1494 1480 habebat,
1522 1441 1603 1480 apud
1634 1441 1960 1470 Aiibd-Almalicum
1987 1442 2014 1469 b.

225 1510 371 1539 Merwan
407 1516 471 1536 reni
505 1510 668 1545 narraret,
705 1505 755 1534 hic
788 1508 914 1544 gentem
944 1503 1023 1533 Calb
1058 1504 1102 1532 rei
1130 1513 1238 1542 parem
1275 1514 1350 1532 esse
1385 1506 1454 1541 (qest
1487 1504 1697 1542 proverbialis
1734 1503 1878 1542 loquendi
1907 1503 2016 1532 modus

225 1571 309 1601 conf.
338 1570 476 1599 Meidan.
503 1570 541 1599 C.
574 1569 628 1607 12,
664 1565 734 1609 19.)
763 1567 904 1607 negavit.
960 1567 1055 1595 Mane
1082 1571 1186 1595 autem
1217 1575 1342 1605 quoque
1371 1566 1569 1595 {lallialalius
1601 1567 1627 1595 Ι).
1657 1567 1735 1595 Kais
1763 1570 1793 1596 et
1820 1566 1958 1595 Saiinlus
1987 1567 2014 1598 b.

227 1634 318 1664 Aban
344 1637 372 1662 et
402 1632 562 1661 Clialedtis
591 1632 618 1660 b.
650 1630 741 1659 Dism—
768 1630 873 1658 seissa
903 1633 1008 1666 veste,
1037 1628 1108 1657 (lum
1139 1627 1231 1667 pallio
1263 1629 1337 1657 tecti
1366 1634 1395 1657 et
1425 1629 1543 1657 calceis
1571 1629 1689 1658 inducti
1716 1638 1776 1657 non
1806 1633 1908 1667 erant,
1935 1627 2014 1656 idem

225 1698 417 1728 nuntiarunt.
471 1695 674 1734 Quapropter
711 1703 805 1732 quum
836 1691 1095 1731 Oniajjadarum7
1133 1701 1173 1720 ex
1209 1691 1361 1719 uxoribus
1392 1691 1525 1720 Kaisilis
1556 1695 1708 1730 natorum,
1746 1691 1790 1719 ira
1826 1690 2016 1720 exarsisset,

227 1757 293 1796 (BL
311 1752 443 1793 233⁸)
473 1756 764 1786 Ahbd-Almalieus
794 1755 883 1783 trium
912 1754 1033 1782 illorum
1061 1753 1201 1782 virorum
1228 1754 1303 1782 iram
1327 1754 1433 1782 soluto
1451 1754 1615 1792 sanguinis
1636 1754 1736 1791 pretio
1753 1752 1867 1781 sedare
1885 1752 2015 1781 studuit.

225 1824 437 1855 Nihilominus
467 1830 544 1850 vero
578 1820 659 1848 omni
694 1818 828 1857 pecunia
863 1825 961 1854 equos
996 1825 1145 1853 armaque
1180 1821 1340 1854 pararunt.
1404 1816 1485 1844 'l‘um
1527 1815 1759 1844 Aliialhalahus
1795 1815 1823 1843 in
1855 1819 2015 1843 conventu

226 1886 436 1923 vituperatus⁷
464 1881 543 1920 quod
574 1885 681 1909 contra
712 1890 767 1907 eos
798 1879 919 1908 ulturus
949 1887 1008 1906 non
1037 1878 1161 1915 exiret,
1195 1887 1231 1906 se
1261 1878 1299 1906 ob
1327 1877 1455 1907 caedem
1485 1877 1538 1906 tilii
1561 1877 1620 1916 ‚sui
1647 1877 1774 1906 Bordah
1803 1877 1915 1906 iratum
1939 1886 2015 1905 esse
2053 1877 2056 1881 '

228 1947 325 1985 dixit,
362 1951 390 1974 et
427 1949 571 1974 caeteros
601 1943 745 1982 singulos
776 1943 905 1970 occisos
942 1949 1133 1969 enumerans
1162 1939 1199 1969 ad
1228 1940 1376 1968 ultionem
1404 1940 1558 1969 incitavit,
1612 1939 1750 1968 Primum
1779 1939 1895 1979 magna
1923 1939 1952 1967 in
1983 1948 2016 1967 re

227 2008 386 2038 discordia
414 2007 658 2044 dissenserunt,
687 2009 752 2033 tnm
781 2004 876 2032 rebus
905 2002 1088 2031 constitutis
1117 2001 1146 2029 in
1173 1997 1290 2031 vallem
1318 2001 1444 2030 Almiah
1472 2003 1597 2040 equites
1625 2002 1786 2031 miserunt.
1837 2001 1926 2030 Hanc
1953 2010 2016 2030 rem

228 2081 343 2102 versus
371 2067 629 2107 Ebu-Soliajjahi
656 2069 799 2106 spectant
819 2063 927 2106 (metr.
944 2061 1084 2106 &Vasti-y
1115 2063 1238 2101 Quum
1268 2064 1479 2102 (equites)
1508 2064 1816 2099 accessissent,
1846 2062 2019 2094 caedem

229 2133 385 2173 Djahdi
413 2131 677 2160 nuntiarunt
705 2132 744 2157 et
772 2127 935 2157 caedem
968 2127 1005 2155 iu
1032 2126 1129 2155 loco
1158 2125 1280 2165 Alali,
1308 2136 1430 2165 quuiu
1457 2125 1671 2155 socordes
1698 2126 1837 2155 occisi
1865 2130 2013 2156 essent.

230 2197 328 2227 Cum
356 2193 616 2224 difficultate
646 2192 753 2230 (vix)
778 2190 900 2219 frena
936 2188 1185 2227 imposituri
1222 2198 1351 2227 equos
1390 2189 1681 2227 quinquennes
1720 2192 1932 2227 ceperant
1967 2188 2014 2216 ab

229 2268 325 2298 aqua
353 2257 585 2287 redeuntes.
640 2255 733 2292 (Vox
759 2254 797 2298 Οἳ
825 2253 991 2293 superflua
1019 2253 1099 2290 est.)
1154 2252 1274 2281 Omnes
1300 2252 1339 2280 ihi
1369 2251 1511 2280 Calbitas
1539 2251 1734 2287 occiderunt,
1764 2254 1795 2280 ut
1824 2259 1928 2286 nemo,
1957 2250 2015 2277 nisi

229 2330 309 2350 unus
342 2320 465 2360 fugiens
493 2317 605 2357 pedum
637 2317 800 2346 celeritate
834 2317 1008 2353 evaderet,
1047 2316 1097 2354 qui
1125 2321 1226 2345 metro
1254 2314 1374 2353 Redjes
1402 2324 1478 2344 usus
1513 2315 1632 2344 dixisse
1660 2315 1776 2360 fertur:
1817 2313 2014 2344 Cuilibet

230 2383 325 2411 viro
361 2391 468 2410 mane
506 2382 543 2409 in
576 2383 708 2421 gente
742 2388 816 2407 sua
851 2383 1184 2416 supervenerunt
1219 2383 1261 2407 et
1288 2388 1394 2407 mors
1432 2379 1709 2418 propinquior
1743 2387 1848 2416 quam
1875 2377 2013 2406 soleae

230 2445 435 2488 ‘'offic‘'uiaff
482 2446 587 2471 erat.
652 2441 818 2470 Postrema
857 2449 976 2468 versus
1013 2440 1113 2468 verba
1146 2439 1175 2467 in
1204 2441 1363 2478 proverbii
1404 2440 1670 2470 consuetudinem
1709 2442 1866 2468 venerunt
1907 2437 2011 2467 conf.

228 2508 471 2547 MeidanaQ-s,
491 2505 546 2537 153.
579 2506 678 2551 Poeta
697 2503 827 2534 Ohwaif
843 2501 1004 2532 Alkawafi
1020 2502 1263 2542 cognominatus
1293 2503 1393 2540 (conf.
1410 2504 1500 2532 Ham.
1521 2513 1549 2542 p.
1568 2504 1624 2541 ll‘v)
1652 2502 1712 2532 hoc
1739 2501 1900 2540 proelium,
1929 2500 2010 2540 quod

250 2592 275 2622 t)
295 2593 334 2616 Ita
353 2591 529 2616 contumeliae
548 2595 631 2614 causa
648 2587 837 2619 cognominati,
856 2589 884 2610 ut
903 2585 1062 2615 iudicarent,
1081 2584 1137 2608 eius
1157 2588 1265 2608 matrem
1285 2583 1417 2607 Arabicae
1437 2583 1552 2614 originis
1573 2589 1624 2605 nou
1645 2588 1714 2605 esse.
