2247 2865
992 106 1037 111 ψ
1091 88 1162 120 3⁰4
1220 107 1262 115 ⁷-

232 189 265 222 1.
289 186 425 224 Quando
447 186 799 220 calamitasleominmn
822 190 959 216 naturae
981 187 1096 222 turbat,
1119 188 1260 224 ipsorum
1281 191 1418 217 nal-urae
1437 189 1470 218 in
1493 197 1527 217 eo
1548 198 1652 227 purae
1672 192 1706 218 ot
1724 190 1822 220 bonae
1842 195 1927 221 sunt.

333 257 582 297 Compar-atione
617 257 656 288 ab
694 267 775 296 aqua
811 256 961 286 desumta
994 256 1026 286 in
1059 256 1280 286 describendis
1312 256 1483 288 virtutibus
1511 257 1626 297 pergit.
1677 257 1731 289 Fit
1756 268 1875 301 saepe,
1913 263 1946 290 ul.
1971 268 2027 301 quj

231 323 315 353 bona
342 321 470 351 fortuna
498 324 627 350 utentes
654 320 725 349 boni
753 321 830 357 sint,
857 321 888 349 in
916 319 1056 350 adversa
1082 320 1173 359 pravi
1200 318 1290 349 fiant.
1341 318 1411 349 Sua
1437 323 1543 349 autem
1570 329 1652 360 gens
1679 325 1744 350 tam
1772 325 1941 353 constante
1967 323 2027 355 ho-

232 386 332 415 nitate
360 383 505 424 praedita
531 385 601 423 est,
638 386 694 422 ut,
722 383 749 411 si
775 381 826 411 alii
854 381 1085 412 calamitatibus
1112 385 1293 422 mutentur,
1319 380 1402 411 bona
1430 390 1559 421 semper
1583 385 1718 412 maneat.
1771 382 1975 423 Comparatio
1998 385 2028 415 in

232 445 343 478 verb'is
369 448 458 491 φεῦ)
485 450 518 475 et
542 446 641 490 &²¹⁶3
668 445 818 474 cernitur.
868 444 945 473 Vox
970 444 1045 491 ᾤ’)
1072 444 1103 473 in
1129 443 1265 482 turbida,
1291 453 1360 474 vox
1385 447 1467 490 &im
1492 444 1522 474 in
1549 445 1632 474 bona
1658 454 1740 484 aqua
1765 445 1945 477 adhibetur.

234 546 267 583 «5.
292 544 357 581 Qui
376 553 419 572 es
440 552 547 571 eorum
570 550 700 570 numero
723 542 760 570 ab
783 542 856 570 aliis
878 543 1000 569 met-ilis
1020 543 1203 575 vincuntur,
1228 542 1253 569 iz·
1272 543 1354 570 inter
1377 541 1458 570 altos
1480 542 1628 579 deyentes
1650 542 1769 572 nobiles
1790 547 1875 572 sunt.

335 613 494 644 Caeteros
524 620 635 641 omnes
664 610 786 640 meritis
815 610 858 640 ita
885 615 1071 652 praestant,
1108 614 1164 652 ut,
1203 610 1255 650 qui
1286 610 1369 640 inter
1394 611 1499 650 ipsam
1527 616 1658 652 gentem
1683 613 1722 642 ab
1749 613 1821 643 aliis
1849 608 2029 655 vincantur,

235 679 265 715 si
288 676 328 706 ad
356 676 436 706 alios
464 684 584 716 genere
603 673 793 714 reserantur,
821 673 988 704 emineant.
1041 674 1184 704 Verbum
1208 676 1264 717 5⁶4²
1291 674 1418 714 proprie
1445 676 1476 704 in
1502 675 1587 715 aqua
1615 675 1714 705 multa
1740 676 1921 718 adhibetur,
1948 685 2029 716 quae

235 739 318 781 tegit
345 748 424 778 rem,
451 742 487 767 ut
513 737 747 777 submergatur.
799 737 880 766 Tum
908 737 937 766 in
965 738 1106 767 virtutes
1134 736 1340 777 transfertur,
1367 737 1479 776 quibus
1507 738 1545 767 ab
1572 737 1642 767 aliis
1669 738 1718 768 vir
1742 739 1973 781 submergitur,
1995 746 2029 770 ut

234 803 334 843 ipsius
361 802 502 831 virtutes
532 808 593 828 non
619 799 756 838 amplius
784 803 968 838 appareant.
1021 799 1078 830 Sic
1105 808 1230 838 quoque
1257 800 1288 829 in
1311 808 1411 830 versu
1439 803 1561 833 nostro.
1614 800 1780 831 Obscuros
1807 801 1916 843 fama,
1949 811 2029 841 quos

237 865 288 894 alii
323 863 496 893 virtutibus
530 862 598 891 suis
635 861 759 890 omnino
796 861 964 904 vicerunt,
1001 861 1174 902 designare
1208 861 1289 891 vult.
1341 861 1503 893 Suffixum
1528 873 1542 892 u
1569 863 1599 892 in
1625 863 1726 893 verbo
1755 866 1845 911 ,γάρ
1875 863 2030 904 supplen-

237 926 309 957 dum
337 930 399 956 est.

1042 1023 1243 1057 (ΣΧῙΊῙ.

843 1088 984 1123 luxit
1014 1089 1428 1132 Alkotllamijj11s.

287 1195 290 1198 ,
333 1165 383 1194 De
417 1167 532 1203 poeta,
569 1160 622 1201 qui
650 1162 744 1192 etiam
774 1161 984 1201 Alkathamijj
1007 1206 1009 1209 ι
1025 1162 1220 1202 enuntiatur,
1249 1162 1397 1192 conferas
1432 1161 1560 1192 Meidau
1590 1162 1619 1192 in
1647 1173 1719 1203 app.
1772 1163 1875 1194 Poeta
1899 1165 2034 1204 primum

240 1227 443 1258 Christianus
471 1230 535 1258 tum
564 1224 637 1254 fidei
665 1224 938 1256 Eiohamniedicae
965 1235 1003 1255 se
1029 1225 1161 1257 addixit.
1213 1226 1331 1256 Dicunt
1355 1234 1450 1266 eum,
1476 1235 1547 1255 nam
1575 1236 1696 1265 pauper
1723 1232 1812 1266 erat,
1847 1227 2034 1259 Damascum

239 1289 389 1329 venisse,
423 1292 457 1317 ut
484 1286 680 1316 Alwalidum
708 1287 736 1315 b.
764 1287 1032 1318 Ahbd-Almalic
1059 1288 1204 1318 laudaret
1231 1297 1299 1318 sec.
1327 1287 1367 1319 al.
1399 1287 1572 1318 Ohmarum
1599 1288 1629 1318 b.
1657 1288 1940 1332 Ahhd-Alahsis3
1976 1290 2035 1321 sed

239 1350 509 1387 desuadueutibus
536 1348 714 1378 hominibus
739 1358 821 1389 eum,
848 1358 942 1387 quum
970 1349 1290 1382 Ahbd-Alwahidum
1315 1351 1345 1382 h.
1372 1351 1534 1381 Solaiman
1561 1352 1775 1394 accessisset,
1804 1352 2034 1394 quinquaginta

240 1414 379 1444 camelos
407 1412 576 1451 accepisse
604 1412 686 1449 (Cir.
715 1411 904 1453 Mag-hau.)¹
959 1411 1197 1443 Grammaticus
1224 1411 1425 1443 Abu-I’Fath
1447 1418 1573 1452 poetam
1604 1422 1781 1453 cognomen
1805 1409 1940 1460 &athal
1967 1424 2035 1445 ac-

242 1476 399 1515 cipiter
427 1485 445 1504 a
472 1484 569 1504 versu
597 1479 751 1513 sequente
779 1475 948 1514 accepisse
974 1474 1054 1504 dixit
1080 1475 1188 1513 (metr.
1214 1473 1376 1514 Redjes):
1414 1476 1490 1505 Eas
1530 1475 1571 1504 in
1604 1484 1683 1505 uno
1710 1475 1943 1516 alteroque
1969 1477 2036 1507 la-

244 1545 334 1569 tere
361 1537 557 1577 deponit,
592 1537 927 1576 quemadmodum
959 1537 1172 1576 accipiter
1208 1545 1315 1566 aves
1349 1536 1489 1567 Katha
1522 1542 1648 1568 noctu
1687 1536 1736 1568 ad
1770 1547 1909 1577 aquam
1938 1543 2035 1568 ten—

231 1602 392 1643 *dentes
432 1599 597 1629 deiicit.
649 1599 883 1630 Abu-Hilalus
922 1609 1037 1629 nomen
1071 1603 1188 1638 poetae
1226 1597 1357 1628 Ohmair
1391 1599 1419 1628 b.
1450 1599 1613 1639 Schojaim
1649 1599 1678 1629 b.
1717 1599 1838 1629 Ahmru
1864 1604 1926 1637 etc.
1962 1608 2035 1630 esse

242 1663 334 1705 dixit,
355 1662 407 1702 qui
423 1667 519 1702 poeta
533 1661 697 1692 excellens
715 1662 889 1692 commodis
909 1663 996 1693 vitae
1024 1660 1188 1693 abundans
1215 1663 1293 1691 erat.
1321 1661 1371 1690 De
1389 1661 1499 1690 verbis
1525 1649 1638 1703 (92:552
1658 1662 1748 1705 ψιῤ)
1776 1661 1877 1691 conf.
1905 1661 2034 1692 Chrest.

242 1727 300 1756 Ar.
326 1726 363 1757 Τ.
378 1726 401 1754 1.
428 1735 458 1764 p.
478 1724 555 1754 168.
571 1733 659 1754 vers.
679 1723 761 1754 439.
790 1725 1015 1755 proverbiales
1033 1726 1212 1756 locutiones
1225 1727 1255 1755 in
1274 1725 1424 1755 versibus
1449 1735 1520 1755 eum
1542 1725 1676 1755 multum
1696 1725 1882 1754 adhibuisse
1901 1725 2034 1761 scimus,

244 1788 273 1817 id
290 1786 372 1828 quod
402 1796 444 1817 ex
470 1785 678 1825 sequentibus
709 1786 856 1817 versibus
884 1791 1018 1827 apparet
1046 1789 1156 1826 (metr.
1185 1787 1337 1830 Basilio:
1363 1789 1564 1818 Homines
1593 1788 1648 1830 ei,
1676 1790 1743 1828 qni
1771 1788 1912 1818 bonum
1940 1797 2036 1817 con-

244 1849 462 1889 sequitur,
496 1847 533 1877 id
567 1848 679 1886 quod
714 1848 853 1887 cupit,
889 1848 1054 1889 dicunt3
1093 1850 1167 1879 sed
1198 1851 1318 1880 matri
1347 1852 1460 1889 eius,
1499 1852 1565 1889 qui
1593 1855 1727 1891 errat,
1769 1850 1933 1880 orbitas
1961 1855 2036 1880 est.

246 1912 462 1943 Curio-tans
489 1911 703 1941 interdum
729 1916 887 1950 partem
914 1912 977 1942 rei
1004 1912 1088 1952 ipsi
1119 1914 1401 1944 necessariae
1429 1904 1691 1954 assequitur,
1719 1913 1808 1943 dum
1835 1913 2038 1944 interdum

246 1974 483 2013 festinanti
519 1973 722 2003 defectus
751 1978 827 2002 est.
881 1973 980 2003 Vita
1018 1975 1185 2004 nonnisi
1222 1985 1268 2004 ea
1308 1976 1499 2006 habenda
1535 1981 1623 2018 est,
1663 1976 1701 2006 in
1738 1986 1815 2016 qua
1847 1976 2038 2006 deliciae

246 2040 354 2078 sunt3
378 2035 450 2065 sed
476 2045 547 2064 non
576 2039 642 2064 est
669 2039 838 2074 status,
867 2035 946 2064 nisi
976 2036 1043 2075 qui
1072 2037 1312 2067 mutabitur.

246 2133 274 2162 1.
298 2132 325 2162 O
347 2135 391 2167 lu,
415 2141 505 2170 quem
528 2132 678 2168 oppidani
699 2133 906 2160 admiratione
927 2133 1100 2169 azlficizml;
1124 2133 1235 2171 quales
1255 2135 1373 2163 deserti
1393 2137 1476 2164 viro-s·
1498 2144 1556 2164 nos
1581 2144 1651 2164 esse
1670 2134 1787 2172 pulos!

348 2202 434 2231 Esse
462 2200 582 2239 quidem
611 2200 705 2236 dicit,
743 2201 792 2239 qui
827 2202 924 2230 vitani
960 2203 990 2230 in
1019 2202 1144 2241 oppidis
1172 2203 1320 2243 laudent3
1360 2209 1391 2234 at
1419 2204 1517 2234 vitam
1545 2208 1758 2243 campestrem
1785 2205 1885 2235 multo
1911 2203 2040 2244 praefe—

249 2264 376 2294 rendam
413 2271 498 2294 esse.
549 2262 675 2292 Laudat
710 2263 806 2303 igitur
841 2263 939 2293 vitam
974 2268 1187 2303 campestram
1222 2269 1253 2295 et
1287 2266 1414 2296 Arabes
1452 2271 1665 2304 campestres.
1717 2266 1750 2295 In
1785 2267 1889 2305 priore
1923 2274 2040 2295 versus

248 2333 340 2367 parte
369 2327 491 2366 ellipsis
520 2330 583 2365 est,
610 2335 690 2364 quae
717 2326 763 2354 sic
791 2325 1015 2355 constituenda
1041 2326 1187 2356 videtur:
1216 2326 1250 2356 Si
1279 2337 1371 2366 quem
1400 2328 1525 2357 incolae
1545 2327 1730 2367 oppidorum
1759 2327 1964 2358 admiratione
1983 2327 2041 2357 ad-

250 2389 360 2419 ficiunt
387 2382 431 2426 (is
459 2387 589 2417 multum
618 2387 744 2425 errat);
781 2396 851 2416 nam
879 2395 937 2415 nos
966 2387 1168 2429 observans,
1204 2389 1257 2428 qui
1289 2394 1490 2429 campestres
1524 2398 1657 2431 sumus,
1690 2389 1750 2420 illis
1782 2389 1929 2418 meliores
1966 2398 2042 2418 esse

249 2451 384 2481 videbis.
435 2450 470 2479 Iu
497 2449 673 2489 posteriorc
709 2441 806 2489 igitur
832 2453 923 2488 parte
950 2455 1179 2490 argumentum
1204 2451 1320 2491 prioris
1348 2455 1399 2481 est
1426 2452 1470 2482 ita
1501 2456 1626 2492 tamen,
1662 2456 1695 2480 ut
1729 2450 1829 2480 verba
1854 2446 1958 2495 ὠμῷ)
1982 2448 2042 2502 ⁸5³⁷

251 2512 325 2541 licet
351 2511 478 2551 proprie
506 2509 723 2550 interrogandi
750 2509 849 2539 verba
876 2510 958 2553 sint,
996 2511 1178 2542 admirando
1214 2518 1247 2543 et
1279 2513 1438 2543 laudando
1472 2513 1659 2543 inserviant.
1711 2512 1746 2542 ln
1778 2511 1841 2542 hoc
1867 2521 1967 2542 versu
1995 2524 2044 2558 0⁸

251 2574 342 2603 beato
370 2574 409 2603 (lc
438 2574 544 2613 Saevo
572 2583 627 2612 pro
656 2570 707 2618 αι’
732 2569 750 2607 L!
777 2576 829 2603 est
863 2573 968 2605 conf.
998 2585 1028 2614 p.
1062 2575 1139 2604 163.
1181 2575 1283 2604 conf.
1314 2585 1344 2605 v.
1378 2577 1404 2606 l.
1459 2576 1508 2605 Ex
1546 2574 1650 2604 verbis
1677 2570 1747 2609 'aig->b
1773 2570 1854 2620 Ab)
1881 2574 2042 2614 videmus,
