2247 2865
972 75 1018 82 —-
1075 57 1145 87 569
1228 73 1242 76 -

216 161 242 191 b.
281 160 358 190 Kais
401 160 576 190 invenimus
612 160 719 198 (metr.
747 158 908 195 Tlmwil):
952 158 1037 197 Ego
1073 156 1162 185 eibo
1201 155 1390 195 hospitis
1427 158 1767 191 sollicitudinem
1804 163 2001 203 excipio,

216 232 330 262 quum
358 222 404 252 ud
433 231 490 251 me
519 227 712 261 tanquam
740 220 901 259 hospes
928 220 1066 256 venit,
1096 217 1360 248 fortitudine
1389 219 1511 248 animi
1539 226 1579 250 et
1609 224 1853 253 constantia
1881 224 2001 254 seili-

215 290 303 326 cet,
331 285 676 324 quotiescunque
714 283 797 312 loci
836 282 1003 311 reditus
1040 281 1366 310 sollicitudinis
1403 283 1580 322 angusti
1617 289 1732 318 sunu
1771 291 1810 315 et
1846 283 2001 317 ‘rectam

214 348 452 388 opinionem
480 346 672 386 repello,
710 345 852 375 scions
884 346 1009 374 sutum
1033 344 1116 372 viri
1154 352 1315 382 errare,
1353 344 1693 383 quotiescunque
1729 346 1824 375 eius
1859 348 2000 386 opinio

213 413 341 440 errat.
395 409 470 438 Vi·-
503 408 607 438 enim
642 407 849 437 interdum
878 406 932 442 id,
969 407 1006 435 in
1035 416 1108 445 quo
1137 410 1289 436 rectum
1317 411 1401 447 est,
1430 413 1595 437 recusat.
1623 414 1659 438 et
1685 409 1820 439 anima
1847 411 1934 440 eius
1962 411 1999 441 in

213 482 293 502 rem
320 471 426 502 haud
464 476 615 501 rectam
650 470 888 500 coniicitur.
943 468 993 498 Ad
1019 469 1230 508 posteriorem
1261 477 1376 497 versus
1404 474 1527 508 partem
1555 469 1775 509 explicandam
1803 472 1998 503 scholiastes

214 534 412 574 proverbium
441 533 538 564 Meid.
572 533 631 576 22,
658 532 714 563 63.
743 532 919 562 adnotavit.

211 644 243 672 2.
266 643 388 679 Durus,
411 652 604 680 qenerosus:
628 645 743 671 melma
765 642 946 679 imlolesque
968 643 1034 670 eius
1058 643 1171 679 optimo
1194 642 1281 670 modo
1304 643 1492 670 constitutae
1513 646 1597 671 sunt.

309 726 378 756 lloc
406 727 434 755 in
463 734 558 755 versu
586 725 644 754 vii-i
674 728 732 754 tam
763 724 855 754 animi
884 728 1046 763 naturam,
1086 733 1175 762 quam
1204 725 1348 763 corporis
1377 724 1512 753 indolem
1541 724 1704 755 describit.
1758 727 1851 756 Voce
1881 729 1998 769 ³055,

211 798 304 829 quam
333 789 455 829 origiue
484 787 644 817 Persicam
672 796 747 816 esse
775 786 882 816 dieunt
909 786 1127 827 grammatici,
1164 786 1312 824 aniinam3
1341 795 1424 815 voce
1453 782 1531 834 &kf-'³
1558 796 1636 816 vero
1667 797 1792 827 corpus,
1826 790 1999 830 significari

211 850 415 881 contendunt.
469 850 655 880 Subiectum
685 852 757 879 ante
784 857 896 878 vocem
923 845 1021 884 &ek-1>
1049 856 1114 877 vox
1132 850 1180 888 39
1208 848 1242 877 is
1270 847 1479 887 supplendum
1507 851 1566 877 est.

211 960 244 989 3.
268 958 370 996 Quum
393 961 500 993 esurit,
527 959 592 987 cibo
614 959 760 986 mmnenti
780 966 843 986 non
866 957 1003 986 laetatur
1025 960 1055 984 et
1077 956 1149 984 dum
1173 958 1281 990 esurit,
1307 958 1365 985 cibi
1385 957 1509 996 defectu
1531 967 1592 987 uon
1615 960 1770 988 tristatur.

286 1042 397 1072 Virum
425 1041 520 1070 talem
538 1039 697 1079 describit,
726 1039 776 1079 qui
804 1041 923 1068 maiora
950 1044 1057 1080 petat,
1085 1049 1176 1078 quam
1206 1044 1240 1069 ut
1266 1040 1346 1078 cibo,
1373 1036 1463 1069 cuius
1491 1041 1642 1080 voluptas
1670 1041 1778 1071 brevis
1799 1046 1920 1072 tantum
1947 1045 1998 1084 sit,

213 1104 349 1133 laetetur
378 1107 409 1132 et
436 1103 487 1141 qui
519 1102 549 1131 in
575 1102 728 1131 molestiis
757 1101 956 1141 perferendis
992 1101 1117 1140 patiens
1156 1101 1208 1130 sit.
1268 1101 1381 1131 Cibum
1418 1111 1488 1131 eum
1522 1106 1679 1132 momento
1716 1108 1771 1134 aut
1805 1104 1883 1134 hora
1921 1113 2000 1135 con-

211 1167 313 1197 iunxit
339 1167 436 1196 breve
465 1170 590 1205 tempus
620 1170 653 1195 et
679 1165 865 1204 despectum
892 1163 1147 1205 significatui-us.
1202 1163 1277 1192 Vox
1306 1161 1401 1191 wem&
1427 1168 1533 1193 autem
1561 1168 1611 1193 est
1632 1174 1688 1203 pro
1710 1162 1749 1205 Le)
1765 1167 1840 1194 iso-§5
1855 1170 1887 1195 et
1903 1167 2002 1197 verba

210 1227 314 1267 ..suetan
329 1233 391 1270 39:
420 1233 538 1259 statum
571 1229 704 1259 subiecti
739 1227 888 1257 indicant.
941 1226 1080 1256 Verbum
1107 1222 1174 1274 fik?—
1203 1225 1384 1266 generalem
1411 1225 1571 1255 esuriendi
1597 1226 1864 1267 significationem
1893 1228 2001 1269 habet,

210 1292 341 1322 verbum
365 1296 471 1321 autem
492 1293 745 1330 Ql'ssflgl'ssllll
773 1291 843 1319 eius
865 1288 998 1330 gradum
1023 1288 1183 1328 designat.
1215 1288 1431 1318 Celeberrimo
1460 1288 1557 1318 Arabi
1586 1289 1796 1320 llatim-'l'hai
1821 1296 2000 1332 sequentes

210 1363 324 1385 versus
350 1354 570 1384 adscribuntur
597 1351 702 1395 (metr.
729 1348 888 1394 Thawil):
916 1352 996 1381 l’er
1023 1350 1193 1389 aliquod
1221 1354 1382 1388 tempus
1410 1356 1677 1388 paupertate
1705 1356 1743 1382 et
1769 1353 2001 1391 opulentia

210 1419 400 1447 contenti
428 1426 573 1446 sumus
602 1421 638 1445 et
666 1421 830 1455 tempus
860 1414 1082 1452 utriusque
1110 1412 1171 1443 rei
1197 1411 1386 1450 poculum
1412 1411 1618 1452 porrigit3
1645 1412 1722 1442 sed
1741 1422 1874 1452 neque
1902 1423 2001 1454 opu—

213 1478 351 1510 lentia
380 1486 526 1509 nostra
562 1479 844 1508 insolentiam
870 1481 1053 1507 nostram
1090 1486 1191 1518 erga
1229 1476 1499 1516 propinquum
1536 1479 1686 1515 auget,
1730 1485 1866 1515 neque
1902 1486 2001 1516 pau-

211 1547 360 1582 pertas
388 1541 582 1571 honorem
609 1545 798 1570 nostrum
825 1538 1029 1569 diminuit.

209 1653 243 1682 4.
267 1652 343 1682 Post
365 1653 499 1689 inopiam
523 1650 746 1679 abundantiam
763 1644 908 1687 salumin
930 1658 1000 1677 esse
1008 1651 1118 1685 puras,-
1141 1656 1198 1676 nec
1214 1657 1294 1681 tera,
1320 1657 1416 1686 quum
1432 1646 1626 1676 abundantia
1635 1647 1762 1684 qaudet,
1782 1644 1851 1686 (p.
1874 1645 2001 1687 32¹.)

787 1713 854 1732 eum
874 1712 997 1740 semper
1018 1703 1204 1730 ‹Iuratmam
1226 1710 1295 1729 esse
1313 1704 1414 1738 putat.

312 1789 449 1820 Causam
478 1789 618 1828 profert,
654 1797 708 1818 eur
735 1786 906 1827 patientiae
933 1794 1058 1825 operam
1089 1785 1143 1814 det
1172 1787 1202 1814 in
1228 1785 1322 1814 rebus
1353 1783 1500 1814 adversis
1535 1788 1567 1813 et
1595 1783 1624 1812 in
1651 1783 1747 1812 rebus
1774 1782 1924 1813 secundis
1951 1783 2001 1813 in-

213 1853 321 1882 solens
351 1861 411 1881 non
439 1851 504 1881 fiat.
556 1851 755 1881 Sclioliastes
783 1849 960 1886 adnotavit,
986 1848 1119 1877 verbum
1146 1846 1206 1891 ὑῒ)
1240 1847 1302 1876 hoc
1337 1846 1367 1876 in
1399 1856 1497 1875 versu
1529 1844 1798 1885 significationem
1827 1846 1916 1875 verbi
1945 1842 2001 1891 02¹2

214 1916 376 1956 (putavit)
404 1919 434 1944 et
466 1912 545 1951 „ta
571 1914 724 1953 (scivit),
762 1917 796 1942 ut
824 1913 853 1941 in
882 1910 998 1941 Corani
1026 1910 1095 1940 loeo
1123 1910 1161 1940 C.
1190 1909 1246 1939 70.
1273 1919 1305 1938 v.
1335 1909 1368 1941 6.
1397 1908 1428 1938 7.
1454 1908 1582 1937 habere.
1636 1908 1662 1936 Ε
1690 1909 1847 1937 contrario
1875 1917 2002 1947 quoque

213 1977 313 2007 verbo
349 1975 429 2014 ‘Aa
463 1974 635 2014 putandi
673 1973 938 2014 significationem
977 1973 1068 2002 tribui
1107 1976 1137 2002 et
1173 1972 1254 2003 lianc
1294 1972 1333 2001 ob
1374 1980 1506 2001 eausam
1544 1975 1672 2009 poetam
1699 1969 1853 2008 quendam
1880 1970 2002 2000 dixisse

214 2041 321 2077 (metr.
349 2038 509 2075 'l‘liawiljz
552 2037 637 2076 Ego
668 2040 790 2065 certo
816 2037 926 2076 scio,
953 2045 1086 2075 neque
1114 2035 1214 2064 haec
1241 2043 1326 2063 mea
1361 2032 1497 2071 opinio
1525 2032 1689 2060 incerta
1724 2036 1810 2071 est,
1845 2032 2000 2072 virum,

214 2101 250 2130 si
275 2100 368 2130 eius
395 2099 527 2128 cliens
554 2098 659 2128 vilis
688 2102 773 2137 est,
810 2097 946 2135 ipsum
973 2097 1100 2126 vilem
1129 2106 1238 2126 esse.
1291 2096 1430 2125 Sensum
1459 2098 1566 2124 autem
1593 2093 1703 2123 versui
1729 2099 1839 2123 nostro
1867 2095 2001 2124 similem

215 2160 513 2199 Bascliseliarurii¹]
549 2160 656 2190 verbis
695 2162 763 2189 suis
800 2160 1006 2198 expressisse
1034 2160 1143 2199 (metr.
1171 2159 1335 2198 'l‘hawilj1
1364 2158 1391 2188 0
1422 2157 1543 2187 amici
1569 2156 1646 2186 mei
1674 2151 1770 2186 duo!
1807 2156 2002 2186 difficul-

214 2231 280 2255 tas
308 2225 354 2255 ad
382 2224 590 2254 meliorem
620 2222 908 2252 conditionem
937 2222 1171 2262 perveniet
1198 2227 1238 2251 et
1265 2221 1372 2250 bona
1405 2218 1591 2250 conditio
1630 2227 1740 2247 mane
1773 2227 1874 2246 sane
1911 2227 2001 2247 con-

214 2288 392 2316 veniens
421 2281 499 2315 est!
527 2285 613 2326 Ego
640 2284 820 2324 tempori
847 2284 997 2314 similis
1024 2293 1129 2322 sum3
1168 2285 1204 2313 si
1231 2292 1426 2314 serenum
1454 2286 1535 2321 est,
1577 2289 1655 2321 ego
1684 2289 1862 2309 serenus
1900 2289 2002 2318 sum;

214 2348 282 2378 sin
309 2347 470 2377 fatuum
508 2352 598 2387 est,
626 2347 778 2377 fatuus
806 2356 892 2388 ego.

233 2458 264 2489 1)
284 2459 363 2482 Poeta
382 2462 470 2480 aetate
490 2457 601 2486 plurium
621 2463 699 2488 quam
718 2456 866 2486 nonaginta
875 2457 1085 2486 annorumapud
1098 2455 1276 2482 Almahdium,
1295 2461 1369 2484 quem
1381 2453 1543 2476 carminibus
1555 2451 1721 2481 celebrabar,
1741 2449 1901 2473 Zendiclsmi
1921 2455 2002 2473 aceu-

280 2508 356 2528 satus
375 2508 402 2528 et
421 2506 486 2528 lianc
505 2504 538 2527 ob
557 2509 664 2526 causam
683 2501 797 2533 flagellis
816 2508 962 2531 percussus
980 2506 1051 2524 anno
1073 2500 1124 2523 167
1143 2500 1186 2523 vel
1207 2499 1261 2522 168
1279 2502 1400 2522 mortuus
1420 2500 1470 2520 est.

1747 2543 1792 2574 72
