2247 2865
970 81 1240 114 —353—

210 184 264 215 ho
280 186 428 215 mines
454 183 543 215 siti
559 180 604 214 s?
655 184 690 213 In
716 191 796 213 voce
825 179 932 227 ekstq,
959 182 1113 213 suffixum
1145 183 1319 223 singularis
1348 192 1390 213 ex
1418 182 1528 222 plurali
1554 183 1678 214 abiecta
1704 185 1809 216 littera
1835 206 1864 232 Ο
1891 193 1995 220 ortum

210 251 332 285 putant.
360 245 425 276 Sed
455 245 524 276 fieri
552 249 668 286 potest,
696 249 730 274 ut
755 244 929 285 singularis
956 244 998 274 sit
1026 245 1066 274 ob
1093 246 1324 286 negligentiam
1351 246 1381 276 iu
1408 255 1558 276 sermone
1583 247 1709 286 positus
1737 249 1855 286 (conf,
1883 249 1994 282 Gram,

210 308 267 338 Ar.
292 309 329 338 T.
358 308 396 338 11.
423 318 453 348 p.
481 307 592 347 501.)

209 405 241 436 5.
265 405 376 444 Neque
397 415 468 434 τινα
490 414 546 442 eqo
569 413 585 432 e
605 404 693 432 domo
718 405 815 432 ricini
834 405 895 432 mei
913 404 1040 442 prodeo,
1064 406 1322 442 quemadmndam
1342 407 1454 434 asinus
1473 405 1626 441 silvester,
1653 408 1706 435 cui
1719 409 1858 445 eoeiyuus
1875 413 1996 440 tantum

842 463 937 496 polus
960 463 1039 494 erat,
1065 456 1124 498 [ab
1147 471 1252 499 aqua)
1276 461 1354 495 ubit,

308 527 426 558 versui
453 527 492 558 ab
519 527 744 566 interpretibus
773 530 882 558 varius
910 530 1056 560 tribuitur
1083 539 1213 559 sensus.
1267 529 1330 558 Alii
1359 529 1465 560 dicunt
1498 539 1628 560 sensum
1665 540 1756 561 esse:
1797 531 1833 562 Si
1869 533 1996 563 vicinus

210 596 300 618 meus
326 597 373 618 me
396 588 554 629 invitavit,
581 598 644 629 ego
671 589 743 618 inde
769 591 879 620 abiens
907 592 1010 621 animo
1038 596 1186 621 contento
1206 601 1283 632 sum,
1311 597 1356 631 ut,
1384 603 1466 632 quae
1488 593 1526 622 ibi
1547 594 1654 624 relicta
1673 597 1743 633 sint,
1771 604 1833 624 non
1859 596 1997 638 cupiam,

209 648 467 689 quemadmodum
494 651 604 680 asinus
632 651 787 681 silvester
813 652 851 682 ab
879 662 960 691 aqua
987 653 1112 693 fugiens
1140 654 1208 684 cius
1245 654 1403 684 desiderio
1440 658 1584 690 tenetur:
1623 665 1722 695 saepe
1754 659 1837 686 enim
1871 657 1924 699 fit,
1965 664 1998 690 ut

209 711 319 749 asinus
356 712 508 742 silvester
543 712 581 742 ad
616 722 729 752 aquam
763 714 916 744 accedeus
953 716 991 745 ob
1030 722 1218 747 venatorum
1254 722 1368 746 metum
1403 727 1464 746 non
1500 720 1638 747 satiatus
1672 718 1821 748 celeriter
1855 720 1997 753 recedat.

209 772 355 803 Hominis
381 773 478 813 igitur
506 774 694 804 insatiabilis
723 775 878 814 cupiditas
906 786 978 806 cum
1006 779 1117 818 onagri
1135 778 1307 817 cupiditate
1325 778 1441 808 collata
1460 782 1521 808 est.
1550 778 1633 808 Sunt
1653 783 1767 819 autem,
1796 780 1847 819 qui
1863 782 1997 813 verbum

202 837 263 879 503:
290 845 309 865 a
335 837 460 866 nomine
486 840 554 880 ⁴1³5..ss
571 838 679 877 (copia
705 848 820 877 magna
842 840 960 878 aquae)
978 839 1184 870 derivandum
1202 840 1387 881 significare
1404 840 1521 876 dicant,
1554 841 1674 870 asinum
1704 843 1828 871 omnino
1849 844 1998 875 satiatum

209 907 296 928 esse.
349 899 421 928 Hac
448 899 682 940 significatione
709 905 850 939 recepta,
878 902 1088 932 voracitatem
1117 911 1238 941 negans
1268 907 1382 942 pocta,
1416 912 1453 931 se
1484 902 1651 931 invitatum
1677 912 1695 932 a
1721 903 1828 932 vicino
1855 904 1999 935 modeste

209 962 240 992 in
267 963 338 993 cibo
364 963 517 993 sumendo
545 973 653 1004 agere.
707 963 790 993 Sunt
818 963 975 1003 denique,
1002 964 1042 994 ad
1070 974 1149 1004 quos
1178 973 1240 1004 ego
1269 963 1407 1003 accedo,
1447 965 1498 1002 qui
1528 973 1661 993 sensum
1689 972 1760 993 cum
1788 965 1999 996 antecedente

210 1035 310 1056 versu
338 1025 510 1056 cohaerere
538 1032 662 1066 putent,
693 1030 726 1056 ut
752 1027 781 1055 in
809 1026 869 1056 hoc
897 1036 1021 1066 quoque
1048 1027 1229 1056 castitatem
1258 1036 1349 1056 suam
1378 1026 1494 1056 laudet.
1524 1026 1651 1065 Duplex
1678 1026 1773 1066 igitur
1799 1028 2001 1066 comparandi

210 1088 290 1118 ratio
321 1089 432 1118 versui
459 1089 561 1129 inest,
598 1098 680 1129 una,
716 1099 778 1128 qua
804 1089 854 1117 vir
884 1088 975 1118 modo
1003 1089 1113 1128 onagri
1140 1089 1177 1118 ab
1203 1099 1284 1128 aqua
1311 1100 1329 1119 e
1356 1090 1448 1119 domo
1476 1090 1588 1127 vicini,
1625 1100 1663 1119 ne
1691 1100 1709 1120 a
1736 1093 1845 1121 marito
1871 1094 2001 1133 conspi-

211 1152 329 1193 ciatur,
357 1151 501 1193 aufugit,
528 1152 648 1193 altera,
676 1162 737 1192 qua
764 1153 923 1183 desiderio
951 1163 1011 1183 suo
1039 1150 1268 1190 quodammodo
1297 1151 1475 1190 satisfecit3
1514 1151 1571 1181 scd
1607 1156 1642 1181 ut
1669 1153 1779 1182 asinus
1809 1152 1848 1182 ad
1874 1164 2000 1197 aquam,

211 1215 260 1244 sic
287 1213 338 1244 ille
364 1214 403 1244 ad
435 1215 572 1245 vicinam
600 1215 703 1245 redire
730 1216 828 1255 cupit.
881 1215 941 1244 Pro
966 1224 1051 1244 voce
1079 1216 1145 1258 εἷο-ἑ
1173 1214 1290 1253 legitur
1317 1222 1446 1253 quoque
1484 1211 1579 1259 1335,
1615 1219 1650 1245 ut
1684 1224 1803 1246 sensus
1840 1217 1906 1255 sit,
1949 1219 2000 1258 qui

210 1276 419 1306 venatoribus
447 1278 671 1315 praesentibus
699 1277 737 1307 ad
765 1287 878 1316 aquam
906 1276 1062 1306 accedere
1089 1285 1150 1304 non
1178 1276 1293 1314 potuit.
1344 1276 1399 1305 Sic
1423 1276 1473 1305 vir
1500 1276 1530 1305 in
1549 1286 1599 1317 eo,
1628 1278 1707 1307 utin
1727 1278 1854 1310 domum
1873 1281 2000 1312 vicinae

211 1338 317 1377 intret,
345 1342 520 1377 conspecto
548 1339 660 1368 marito
689 1340 834 1369 celeriter
861 1339 952 1369 redit.
995 1338 1159 1378 Onagrum
1186 1338 1335 1368 celeriter
1364 1338 1492 1380 fugere,
1520 1339 1549 1369 iu
1577 1340 1779 1378 proverbium
1798 1343 1887 1373 veuit
1915 1344 1999 1376 conf.

212 1399 311 1431 Meid.
339 1400 376 1429 T.
403 1401 456 1429 111.
484 1401 547 1429 No.
576 1400 682 1434 3033.

213 1483 247 1514 6.
269 1483 337 1513 Au!
358 1484 488 1513 conchis
511 1485 591 1513 albis
612 1489 722 1514 ornato
744 1496 843 1523 puero
864 1487 1019 1514 serdicam
1041 1486 1172 1522 proficio
1195 1493 1265 1512 cum
1287 1492 1322 1512 eo
1346 1483 1458 1512 ludens
1465 1505 1475 1519 ,
1505 1485 1578 1513 dum
1600 1487 1670 1514 eius
1693 1490 1904 1524 suspicionem
1926 1491 2003 1520 volo.

311 1552 500 1583 Castitatem
528 1563 618 1584 suam
645 1554 830 1585 describens
859 1565 897 1585 se
924 1555 964 1584 nil
993 1563 1092 1595 agere
1119 1553 1215 1593 dicit,
1256 1562 1318 1592 quo
1357 1555 1468 1582 matris
1503 1559 1558 1583 aut
1596 1556 1729 1585 nutricis
1764 1566 1904 1588 amorem
1943 1560 2004 1590 sibi

213 1621 314 1656 paret.
367 1617 492 1646 Liberis
519 1618 589 1646 suis
617 1619 744 1648 Arabes
772 1628 824 1647 res
855 1617 1007 1658 quasdam
1035 1615 1217 1655 appendere
1245 1615 1400 1655 solebant,
1428 1620 1461 1645 ut
1480 1616 1553 1645 mali
1572 1617 1654 1646 oculi
1671 1627 1787 1648 noxam
1805 1625 2003 1652 averterent.

212 1678 298 1708 Inter
325 1678 386 1708 alia
413 1683 503 1708 eraut
529 1679 702 1709 conchulae
729 1680 820 1709 albae
845 1676 950 1719 vieo,
978 1678 1170 1718 appellatae,
1197 1685 1278 1714 quae
1305 1675 1377 1705 huic
1405 1676 1477 1704 usui
1505 1678 1710 1708 inservirent.
1739 1680 1784 1709 Ni
1814 1680 1920 1722 fallor,
1949 1690 2005 1716 aut

212 1740 359 1771 iuvidiam
386 1741 425 1770 ob
452 1741 716 1780 pulchritudinem
744 1746 799 1771 aut
825 1741 1066 1771 admirationem
1094 1748 1193 1777 puero
1221 1748 1338 1768 nocere
1366 1744 1527 1778 putantes,
1556 1741 1673 1778 rebus,
1703 1751 1833 1780 quarum
1860 1745 2004 1783 pulchri-

214 1803 289 1833 tudo
316 1803 426 1832 oculos
456 1802 494 1832 ad
520 1813 558 1832 se
585 1803 749 1844 alliceret,
790 1804 820 1832 in
846 1804 942 1832 istum
970 1811 1061 1832 usum
1090 1801 1215 1831 Arabes
1244 1801 1423 1829 utebantur.
1492 1800 1703 1832 Generaliore
1735 1805 1860 1835 nomine
1899 1806 1930 1836 id
1965 1807 2004 1838 ab

215 1865 374 1895 Arabibus
400 1862 492 1905 &25
518 1866 711 1905 appellatum
739 1876 815 1896 esse
842 1866 969 1895 videtur
996 1864 1099 1895 conf.
1128 1863 1226 1893 Meid.
1257 1862 1294 1892 C.
1326 1862 1386 1902 22,
1415 1861 1472 1891 37.
1494 1863 1650 1910 eannuleti
1677 1870 1782 1896 autem
1810 1876 1915 1907 genus
1932 1869 2004 1898 albo

215 1927 371 1967 nigroque
397 1929 602 1968 variegatum
629 1933 662 1958 et
687 1929 754 1958 loro
780 1928 910 1959 affixum
947 1933 980 1958 et
1011 1929 1102 1963 Q
1132 1924 1324 1964 appellatum
1359 1933 1377 1953 a
1414 1923 1539 1953 ludaeis
1573 1925 1612 1954 ad
1650 1926 1775 1957 Arabes
1813 1931 2005 1968 pervenisse

215 1988 343 2018 videtur
370 1989 474 2019 conf.
497 1999 611 2019 vocem
627 1991 814 2020 Hebraicam
833 2003 904 2034 ΓΜ.»
927 1994 959 2020 et
974 1989 1076 2020 Exod.
1092 1988 1149 2026 28,
1165 1986 1220 2016 38.
1250 1987 1341 2015 Hane
1362 1990 1467 2016 autem
1485 1996 1550 2016 rem
1576 1987 1818 2020 Moliammedes
1845 2001 1906 2021 non
1928 2002 2004 2032 pro-

218 2051 308 2090 bans,
338 2051 407 2080 eius
435 2051 504 2080 loco
533 2052 625 2081 aliam
653 2061 719 2081 rem
746 2051 821 2092 833³:
848 2052 1051 2091 appellatam,
1078 2052 1108 2080 in
1136 2059 1230 2090 quam
1259 2048 1376 2078 Corani
1405 2049 1505 2078 verba
1531 2051 1801 2090 inscribebantur,
1828 2055 2003 2085 concessit.

213 2093 417 2142 ‘Concharuin
445 2113 563 2142 illarum
589 2113 780 2143 mentionem
808 2113 884 2143 fecit
909 2117 1003 2152 poeta
1032 2114 1061 2142 in
1089 2123 1210 2142 versu:
1239 2110 1347 2156 (metr.
1365 2108 1490 2154 Basith)
1516 2113 1646 2142 Aetas
1674 2123 1778 2143 anus
1807 2125 2004 2157 rugosae,

217 2174 394 2205 vetulae
419 2180 539 2204 aetas
567 2180 651 2215 est,
691 2180 733 2205 et
760 2185 873 2205 mens
902 2176 1024 2214 pueri
1049 2184 1181 2211 mens,
1225 2175 1291 2213 qui
1320 2173 1521 2203 concham
1550 2174 1782 2206 madefacit
1809 2178 1913 2214 (oris
1941 2187 2004 2208 sa-

217 2239 338 2277 liva).
391 2239 500 2269 Verba
527 2237 597 2283 Q)
625 2244 723 2284 sag-3),
755 2240 846 2270 »eius
874 2239 1050 2278 opinionem
1077 2243 1132 2267 aut
1159 2237 1371 2276 suspicionem
1402 2236 1500 2265 volo«
1530 2236 1715 2276 significare
1741 2244 1894 2280 possunt,
1932 2250 2004 2271 eum

217 2301 277 2331 hoc
303 2301 388 2332 sacto
415 2302 526 2331 matris
553 2302 769 2340 suspicionem
797 2303 827 2332 in
853 2311 890 2332 se
917 2307 1108 2332 convertere
1134 2301 1241 2337 velle,
1282 2304 1316 2329 ut
1351 2308 1392 2329 ex
1432 2308 1471 2328 eo
1507 2299 1567 2328 viri
1594 2300 1791 2331 voluntatem
1818 2308 2003 2343 cognoscat.

219 2364 293 2394 Vox
309 2369 409 2408 Q),
433 2364 531 2404 igitur
550 2373 606 2403 pro
623 2361 669 2393 ut
691 2367 774 2408 iffi„
802 2368 864 2406 est,
892 2375 973 2404 quae
999 2374 1099 2394 voces
1126 2362 1311 2404 siguificare
1338 2367 1486 2402 possunt,
1514 2371 1585 2392 eum
1607 2363 1695 2401 pueri
1722 2364 1947 2404 cogitationem
1974 2367 2005 2398 in

218 2424 312 2455 istam
340 2435 405 2454 rem
433 2430 627 2454 convertere
654 2426 752 2465 velle,
781 2430 814 2456 ut
840 2435 908 2456 cum
935 2431 1033 2456 matre
1062 2425 1153 2455 solus
1180 2433 1257 2454 esse
1286 2424 1400 2463 possit.
1453 2424 1498 2453 At
1524 2426 1609 2459 sunt,
1640 2424 1692 2461 qui
1718 2433 1775 2462 pro
1802 2435 1886 2456 voce
1910 2433 2004 2472 Q),

223 2490 325 2525 egent
338 2491 415 2528 aaa„
449 2491 502 2515 »iet
517 2485 587 2515 eius
611 2487 767 2516 nutricem
794 2485 847 2516 vel
872 2487 940 2517 eius
967 2487 1160 2529 dominam«,
1197 2495 1261 2527 qua
1294 2494 1377 2516 voce
1408 2491 1463 2515 aut
1495 2490 1626 2515 matrem
1660 2488 1751 2524 pueri
1781 2482 1852 2525 [p.
1877 2484 2004 2530 198.)

220 2545 335 2586 ilpsam
361 2553 417 2578 aut
445 2549 471 2579 si
496 2557 614 2578 servae
640 2548 724 2579 filius
754 2554 825 2590 est,
863 2549 1020 2581 dominam
1050 2549 1207 2591 designat.
1259 2549 1362 2580 Simili
1387 2548 1480 2581 modo
1507 2548 1585 2578 dixit
1613 2553 1722 2588 poeta:
1762 2546 1869 2592 (metr.
1895 2551 2008 2598 Sar-ih)

1716 2611 1762 2640 45
