2247 2865
939 92 1205 124 -201—

177 196 314 226 »Nonne
342 194 496 226 laedendo
524 194 645 224 honore
671 196 780 223 nostro
809 192 965 229 abstines,
992 191 1064 223 dum
1085 193 1113 222 ei
1132 191 1215 222 liaud
1237 200 1346 232 noces5
1376 191 1525 231 quamdiu
1545 192 1656 222 cameli
1679 193 1708 222 in
1725 202 1819 223 cursu
1836 194 1967 224 caudam

174 256 579 297 femoribusadplaudunt«
610 254 872 295 (conf.11ar.p.
889 256 974 293 mix).
1004 254 1097 293 Quod
1113 259 1207 294 poeta
1234 255 1273 285 de
1302 255 1467 285 incedendi
1495 254 1588 284 modo
1616 254 1707 293 dixit,
1736 255 1765 285 id
1795 256 1824 285 in
1852 256 1967 296 agendi

175 322 327 351 rationem
346 318 600 351 transferendum
618 322 680 347 est.
707 316 790 347 Sunt
807 316 857 356 qui
876 316 943 346 loco
959 317 1147 347 hemistichii
1165 319 1354 357 posterioris
1371 318 1526 349 habeant:
1558 315 1664 359 bully)
1679 315 1743 357 δὲέκ
1758 318 1824 350 tm
1839 326 1889 360 ἐς
1905 318 1970 360 ἕῳ

180 384 318 422 abente,
345 391 364 412 ο
392 380 556 421 patrueles
585 374 706 409 nostri!
744 379 841 420 lente,
869 388 887 409 ο
915 379 1078 419 propinqui
1114 375 1253 410 nostrii«
1295 380 1409 419 quibus
1447 379 1477 409 in
1516 379 1625 409 verbis
1664 380 1818 410 minarum
1849 391 1969 412 sensus

178 446 287 476 inesse
314 449 423 484 potest
449 442 553 474 cons.
582 452 613 472 v.
647 442 674 472 1.

177 542 208 572 «1.
232 541 320 571 Deus
342 542 411 571 scil.
436 549 490 569 ros
512 541 544 568 in
567 549 673 568 amore
695 540 783 568 nobis
805 547 868 567 non
891 548 971 573 esse,
997 549 1097 578 neque
1120 549 1174 568 ros
1197 541 1419 576 viluperanms,
1446 540 1531 577 quod
1551 548 1607 568 nos
1631 548 1694 568 non
1717 542 1839 569 animis.

275 608 442 639 Hominum
471 608 563 639 animi
591 618 686 650 quum
715 609 759 640 ita
786 611 949 639 constituti
976 609 1052 650 sint,
1080 613 1113 638 nt
1133 618 1190 638 eos
1208 614 1323 647 ament,
1354 609 1405 648 qui
1426 609 1504 648 ipsis
1522 609 1751 649 benefecerint,
1778 618 1840 639 non
1861 609 1972 639 mirum

176 678 237 714 est,
263 672 348 714 quod
376 677 501 704 mutuus
529 682 617 703 amor
643 675 724 704 inter
751 681 810 702 nos
838 682 899 702 non
927 660 1056 702 existat.
1109 670 1212 700 Nobis
1241 671 1339 711 igitur
1368 671 1492 700 animus
1520 680 1581 700 non
1611 676 1675 708 cst,
1706 676 1739 701 ut
1767 671 1805 701 ad
1833 681 1973 702 amorem

176 746 240 768 vos
267 746 444 778 cogamus3
484 736 541 767 sed
575 736 697 766 iustitia
735 740 841 766 tamen
868 737 950 765 inter
977 733 1170 773 propinquos
1198 737 1414 772 exerceatur,
1456 741 1593 762 necesse
1620 737 1695 771 est,
1725 737 1759 762 ut
1786 733 1853 763 sine
1880 742 1974 764 causa

177 799 277 829 honor
313 808 374 828 non
409 798 563 829 laedatur.
593 799 684 829 Loco
713 798 803 829 vocis
831 794 860 825 Ἣ
887 797 969 827 alter
996 796 1121 837 legendi
1148 795 1259 826 modus
1287 791 1318 839 μὶ
1338 794 1376 840 0³
1406 794 1435 824 in
1463 794 1602 825 'l'ebrisii
1630 795 1742 826 codice
1768 795 1846 825 inter
1873 796 1974 825 lineas

178 862 322 901 scriptus
349 866 408 891 est.

176 960 207 988 5.
232 957 369 994 Quilibet
391 967 435 987 ez·
459 959 558 987 animi
576 959 738 996 proposito
762 959 795 987 in
821 958 955 987 alterum
979 958 1082 987 odium
1100 958 1265 994 concipere
1278 959 1402 993 potesn-
1422 966 1480 993 pel·
1504 956 1567 985 Dei
1585 957 1722 992 qratiam
1748 964 1800 984 vos
1823 955 1893 983 odio
1915 955 1975 983 lm-

882 1013 990 1041 !eemus
1013 1015 1044 1040 et
1065 1020 1123 1040 nos
1147 1011 1270 1040 odistis.

280 1080 383 1111 Homo
411 1082 443 1110 in
470 1090 508 1111 eo
536 1079 621 1120 q'uod
648 1080 783 1110 alterum
810 1079 895 1120 odit,
931 1081 1009 1110 liber
1036 1085 1104 1119 est;
1142 1090 1202 1110 nos
1239 1085 1346 1110 autem
1374 1080 1404 1110 id
1431 1080 1490 1110 Dei
1518 1082 1644 1121 gratiae
1672 1080 1858 1118 tribuimus,
1895 1079 1977 1118 quod

180 1142 251 1172 talis
278 1142 359 1172 inter
386 1151 445 1172 nos
472 1143 572 1172 mutui
599 1142 661 1172 odii
689 1142 828 1172 conditio
855 1147 918 1173 est.
957 1141 1101 1172 Indicare
1128 1144 1210 1182 vult,
1238 1152 1276 1172 se
1303 1143 1365 1173 ista
1384 1143 1483 1173 mutui
1507 1142 1570 1172 odii
1596 1142 1777 1173 conditione
1795 1146 1978 1172 contentum

179 1213 268 1243 esse,
295 1203 412 1243 quippe
441 1204 604 1243 separatio
633 1204 798 1243 utriusque
824 1204 932 1245 gentis
959 1203 1038 1244 ipsis
1068 1205 1234 1235 commodo
1261 1205 1313 1237 sit.
1342 1205 1462 1236 Similis
1491 1205 1638 1245 loquendi
1665 1205 1775 1235 modus
1803 1207 1834 1234 in
1862 1204 1979 1234 Coi-ani

181 1266 252 1296 loco
267 1264 341 1295 Sur.
357 1265 464 1306 68,2.
491 1265 592 1304 (alter
621 1265 713 1296 locus
739 1270 791 1295 est
815 1266 889 1296 Sur.
907 1265 965 1307 52,
981 1266 1058 1305 29.)
1082 1268 1256 1306 reperitur:
1283 1269 1331 1298 Tu
1359 1278 1416 1308 per
1443 1267 1504 1297 Dei
1531 1267 1663 1309 gratiam
1690 1267 1822 1297 insanus
1850 1275 1911 1296 non
1931 1274 1977 1294 es.

182 1327 299 1357 Verbis
327 1325 433 1368 list-3239
462 1324 564 1373 μέλω
594 1331 700 1356 status
729 1326 940 1368 significatur.
979 1328 1102 1358 Vocem
1130 1327 1221 1370 [⁵:¹35
1249 1330 1367 1369 duplici
1394 1330 1517 1360 ratione
1543 1329 1695 1369 explicari
1722 1329 1809 1369 lieet,
1837 1332 1893 1358 aut
1921 1327 1979 1356 ob-

183 1392 265 1420 iecto
291 1390 425 1428 omisso,
452 1394 487 1420 ut
513 1399 570 1430 pro
599 1388 704 1434 0315&
731 1389 794 1429 sit,
829 1394 884 1420 aut
910 1389 1015 1421 littera
1041 1411 1070 1436 Ο
1097 1391 1186 1421 verbi
1214 1392 1355 1431 abiecta,
1391 1397 1426 1421 ut
1455 1401 1510 1431 pro
1540 1388 1646 1432 &5153
1673 1391 1725 1421 sit.
1767 1390 1911 1421 verbum
1939 1387 1980 1418 §e

183 1461 277 1491 quum
305 1461 374 1482 eam
403 1452 498 1482 animi
525 1452 735 1482 conditionem
763 1451 946 1493 significet,
983 1461 1045 1492 qua
1083 1462 1165 1483 unus
1193 1454 1232 1484 ab
1260 1454 1360 1484 altero
1388 1454 1427 1483 ob
1455 1454 1609 1483 internum
1638 1453 1743 1483 odium
1771 1463 1809 1483 se
1837 1458 1980 1492 separet,

181 1520 309 1552 poetam
337 1514 401 1544 tale
430 1514 555 1553 odium,
593 1523 653 1553 quo
677 1523 758 1544 unus
785 1514 878 1544 alteri
905 1524 1018 1545 noxam
1045 1515 1178 1556 inserat,
1217 1524 1278 1544 non
1307 1515 1441 1555 probare
1466 1514 1619 1545 videmus.
1663 1515 1732 1544 Tali
1759 1514 1880 1545 nonnisi
1910 1514 1982 1544 odio

182 1580 353 1606 contentus
381 1582 443 1616 est,
471 1586 532 1617 quo
567 1585 646 1607 unus
673 1577 712 1606 ab
741 1577 840 1607 altero
868 1586 906 1606 se
932 1582 1075 1616 separat.
1104 1578 1165 1616 Qui
1193 1578 1321 1608 litterae
1347 1578 1542 1608 abiiciendae
1568 1577 1682 1608 modus
1710 1578 1853 1618 regionis
1867 1577 1982 1617 Hidjas

180 1638 315 1669 dialecto
343 1639 492 1679 proprius
521 1639 550 1669 in
578 1648 678 1669 versu
706 1643 862 1678 sequente
895 1639 1005 1678 (metr.
1024 1638 1165 1680 Redjes)
1193 1640 1404 1670 observatur:
1432 1640 1628 1678 Laqueus
1655 1640 1866 1678 sublatus,
1893 1640 1982 1679 quid

181 1702 319 1743 igitur
346 1707 430 1740 est,
459 1701 562 1742 quod
589 1698 778 1732 caveas?
806 1711 875 1732 nam
904 1695 1029 1747 RQQS'*
1056 1706 1109 1731 est
1135 1711 1193 1741 pro
1209 1695 1341 1748 (5⁴¹³)ss-
1367 1706 1406 1732 et·
1427 1701 1456 1731 in
1477 1695 1678 1732 liemistic‘hio
1699 1706 1854 1741 sequente
1874 1702 1982 1739 (metr.

186 1763 320 1803 Wafir):
348 1764 568 1795 Cuiusnam
597 1763 816 1795 desiderio
840 1769 998 1805 arguto
1025 1774 1130 1795 sono
1158 1765 1196 1804 (ο
1223 1759 1426 1804 camela!)
1454 1773 1513 1794 me
1541 1761 1717 1804 imples?
1751 1774 1822 1794 nam
1845 1765 1984 1805 ‘'maj-'ab'

184 1833 237 1858 est
262 1836 319 1867 pro
343 1827 511 1868 W'ffi·
551 1826 739 1857 Sibawaihii
771 1827 973 1867 grammatici
1013 1828 1195 1866 sententia,
1232 1837 1295 1866 qua
1328 1832 1446 1866 poetae
1473 1826 1622 1857 vocalem
1649 1827 1849 1868 grammatici
1874 1827 1983 1856 flexus

183 1892 378 1922 necessitato
406 1891 590 1932 postulante
616 1890 754 1921 abiicere
782 1890 904 1920 licitum
930 1894 994 1930 est,
1023 1891 1086 1921 hoc
1113 1889 1204 1921 modo
1234 1889 1448 1920 confirmatur.

998 1998 1158 2032 121'11.

643 2064 783 2099 Dixit
805 2063 1181 2099 Thin-immanius
1203 2064 1249 2098 1».
1273 2063 1455 2097 Ilacim
1469 2064 1514 2104 ι).

287 2135 412 2165 Nomen
439 2131 554 2188 elad-1:253
583 2136 714 2178 longum
742 2135 914 2178 designare
941 2136 1059 2167 dieunt.
1087 2136 1145 2167 Sic
1172 2139 1203 2167 in
1229 2135 1430 2166 hemistichio
1458 2134 1569 2174 (metr.
1586 2133 1737 2174 Ramal):
1765 2135 1802 2164 Is
1830 2134 1986 2174 longus

187 2202 260 2240 est⁴
281 2198 458 2238 eiusque
486 2198 712 2240 digitorum
739 2207 842 2229 ossa
869 2199 997 2240 longa
1023 2204 1129 2230 sunt.
1158 2199 1301 2230 Verbum
1316 2194 1412 2249 {wsb
1427 2196 1628 2227 transitivam
1655 2196 1804 2237 (longum
1833 2194 1986 2233 reddere)

188 2261 456 2303 significationem
482 2261 598 2300 habet;
637 2262 685 2292 sic
719 2263 750 2292 in
784 2270 885 2292 versu
921 2264 1054 2301 poetae:
1092 2258 1200 2303 (metr.
1227 2257 1357 2302 Basith)
1397 2261 1550 2290 Eorum
1594 2257 1885 2298 (camelorum)
1929 2257 1986 2286 la-

190 2326 283 2353 tera
300 2321 501 2364 (gibbum)
520 2321 642 2363 longa
667 2321 855 2353 reddidit
880 2321 1040 2352 viridis
1061 2322 1243 2363 (planta)
1262 2322 1407 2353 matris
1435 2322 1770 2362 pulverulentae
1790 2319 1987 2360 (terrae),

192 2385 309 2415 cuius
336 2384 620 2415 admissarius
647 2385 829 2425 (pluvia)
859 2385 908 2416 ad
947 2386 1114 2416 leonem
1153 2383 1292 2422 (sidus
1329 2384 1488 2423 leonis)
1528 2383 1725 2413 refertur
1751 2380 1769 2409 i.
1798 2390 1827 2410 e.
1863 2379 1987 2409 Cameli

191 2450 362 2485 pascentes
390 2446 527 2487 pingues
557 2450 742 2488 evaserunt,
769 2451 803 2477 ut
826 2447 912 2489 gibbi
931 2447 961 2476 in
983 2447 1082 2477 altum
1100 2451 1314 2488 assurgerent
1339 2446 1454 2487 plantis
1470 2455 1489 2475 e
1511 2450 1598 2475 terra
1622 2442 1854 2482 crescentibus>
1871 2451 1953 2481 quae
1970 2451 1988 2471 a

209 2526 238 2557 1)
256 2528 339 2552 Poeta
358 2528 398 2552 hic
417 2533 538 2560 tempore
550 2529 692 2553 Alcumaiti
711 2527 769 2560 (qui
781 2533 860 2554 natus
870 2536 942 2554 anno
953 2529 999 2561 60,
1016 2535 1088 2554 anno
1101 2530 1153 2554 126
1165 2529 1246 2562 obiit)
1261 2536 1359 2561 pueros
1379 2530 1404 2554 in
1424 2530 1520 2560 oppido
1531 2528 1601 2553 Cufa
1620 2527 1710 2551 docuit
1730 2527 1803 2551 conf.
1813 2527 1989 2550 Meid.T.1n.

259 2572 284 2595 ι’.
304 2572 321 2596 2
350 2580 371 2603 p⁴
393 2574 455 2597 ³18.
491 2574 736 2605 eitab-Aiagimni.

1699 2620 1745 2650 26
