<?xml version="1.0" encoding="UTF-8"?>
<!DOCTYPE html PUBLIC "-//W3C//DTD XHTML 1.0 Transitional//EN"
    "http://www.w3.org/TR/xhtml1/DTD/xhtml1-transitional.dtd">
<html xmlns="http://www.w3.org/1999/xhtml" xml:lang="en" lang="en">
 <head>
  <title>
</title>
<meta http-equiv="Content-Type" content="text/html;charset=utf-8" />
  <meta name='ocr-system' content='tesseract 3.04.00' />
  <meta name='ocr-capabilities' content='ocr_page ocr_carea ocr_par ocr_line ocrx_word'/>
</head>
<body>
  <div class='ocr_page' id='page_1' title='image "./p1hamassaecarmin02abbiuoft_0451.png"; bbox 0 0 2247 2865; ppageno 0'>
   <div class='ocr_carea' id='block_1_1' title="bbox 973 71 1242 101">
    <p class='ocr_par' dir='ltr' id='par_1_1' title="bbox 973 71 1242 101">
     <span class='ocr_line' id='line_1_1' title="bbox 973 71 1242 101; baseline 0 0"><span class='ocrx_word' id='word_1_1' title='bbox 973 71 1242 101; x_wconf 80' lang='lat'>—415—</span> 
     </span>
    </p>
   </div>
   <div class='ocr_carea' id='block_1_2' title="bbox 164 167 2003 2274">
    <p class='ocr_par' dir='ltr' id='par_1_2' title="bbox 164 167 2003 2274">
     <span class='ocr_line' id='line_1_2' title="bbox 214 167 2002 213; baseline 0.004 -15"><span class='ocrx_word' id='word_1_2' title='bbox 214 167 287 199; x_wconf 87' lang='lat' dir='ltr'>dom</span> <span class='ocrx_word' id='word_1_3' title='bbox 326 173 430 199; x_wconf 89' lang='lat' dir='ltr'>metro</span> <span class='ocrx_word' id='word_1_4' title='bbox 465 168 611 200; x_wconf 83' lang='lat' dir='ltr'>dixisse:</span> <span class='ocrx_word' id='word_1_5' title='bbox 674 169 861 210; x_wconf 85' lang='lat' dir='ltr'><strong>Tempus</strong></span> <span class='ocrx_word' id='word_1_6' title='bbox 901 170 1037 200; x_wconf 86' lang='lat' dir='ltr'>initio</span> <span class='ocrx_word' id='word_1_7' title='bbox 1079 170 1338 201; x_wconf 87' lang='lat' dir='ltr'>iuventutis</span> <span class='ocrx_word' id='word_1_8' title='bbox 1380 170 1562 211; x_wconf 88' lang='lat' dir='ltr'>longum</span> <span class='ocrx_word' id='word_1_9' title='bbox 1601 178 1669 202; x_wconf 91' lang='lat' dir='ltr'>est</span> <span class='ocrx_word' id='word_1_10' title='bbox 1708 179 1747 203; x_wconf 89' lang='lat' dir='ltr'>et</span> <span class='ocrx_word' id='word_1_11' title='bbox 1787 175 2002 213; x_wconf 75' lang='lat' dir='ltr'>pessimus</span> 
     </span>
     <span class='ocr_line' id='line_1_3' title="bbox 212 230 2002 280; baseline 0.004 -20"><span class='ocrx_word' id='word_1_12' title='bbox 212 238 367 271; x_wconf 78' lang='lat' dir='ltr'>equuS,</span> <span class='ocrx_word' id='word_1_13' title='bbox 395 230 530 261; x_wconf 90' lang='lat' dir='ltr'>cuius</span> <span class='ocrx_word' id='word_1_14' title='bbox 557 230 729 261; x_wconf 79' lang='lat' dir='ltr'>habena</span> <span class='ocrx_word' id='word_1_15' title='bbox 755 231 1018 262; x_wconf 82' lang='lat' dir='ltr'>brevissima</span> <span class='ocrx_word' id='word_1_16' title='bbox 1045 238 1125 263; x_wconf 87' lang='lat' dir='ltr'>est.</span> <span class='ocrx_word' id='word_1_17' title='bbox 1153 234 1196 262; x_wconf 86' lang='lat' dir='ltr'>Is</span> <span class='ocrx_word' id='word_1_18' title='bbox 1228 233 1373 263; x_wconf 78' lang='lat' dir='ltr'>frater</span> <span class='ocrx_word' id='word_1_19' title='bbox 1400 233 1507 263; x_wconf 84' lang='lat' dir='ltr'>belli</span> <span class='ocrx_word' id='word_1_20' title='bbox 1528 234 1669 272; x_wconf 85' lang='lat' dir='ltr'>(stren</span> <span class='ocrx_word' id='word_1_21' title='bbox 1687 240 1785 273; x_wconf 79' lang='lat' dir='ltr'>uus)</span> <span class='ocrx_word' id='word_1_22' title='bbox 1805 248 1882 267; x_wconf 89' lang='lat' dir='ltr'>non</span> <span class='ocrx_word' id='word_1_23' title='bbox 1913 243 2002 280; x_wconf 88' lang='lat' dir='ltr'>est,</span> 
     </span>
     <span class='ocr_line' id='line_1_4' title="bbox 211 293 2000 336; baseline 0.004 -13"><span class='ocrx_word' id='word_1_24' title='bbox 211 294 301 333; x_wconf 89' lang='lat' dir='ltr'>qui,</span> <span class='ocrx_word' id='word_1_25' title='bbox 338 293 378 324; x_wconf 88' lang='lat' dir='ltr'>si</span> <span class='ocrx_word' id='word_1_26' title='bbox 417 293 615 333; x_wconf 85' lang='lat' dir='ltr'>bellum,</span> <span class='ocrx_word' id='word_1_27' title='bbox 653 298 900 334; x_wconf 77' lang='lat' dir='ltr'><strong>postquam</strong></span> <span class='ocrx_word' id='word_1_28' title='bbox 938 304 1031 331; x_wconf 88' lang='lat' dir='ltr'>eum</span> <span class='ocrx_word' id='word_1_29' title='bbox 1070 295 1110 324; x_wconf 92' lang='lat' dir='ltr'>in</span> <span class='ocrx_word' id='word_1_30' title='bbox 1150 294 1320 325; x_wconf 78' lang='lat' dir='ltr'>femore</span> <span class='ocrx_word' id='word_1_31' title='bbox 1358 295 1620 336; x_wconf 81' lang='lat' dir='ltr'>ligaverat,</span> <span class='ocrx_word' id='word_1_32' title='bbox 1663 298 1762 327; x_wconf 80' lang='lat' dir='ltr'>eius</span> <span class='ocrx_word' id='word_1_33' title='bbox 1806 309 2000 331; x_wconf 78' lang='lat' dir='ltr'>inanimus</span> 
     </span>
     <span class='ocr_line' id='line_1_5' title="bbox 210 355 2003 402; baseline 0.004 -15"><span class='ocrx_word' id='word_1_34' title='bbox 210 366 228 386; x_wconf 84' lang='lat' dir='ltr'>s</span> <span class='ocrx_word' id='word_1_35' title='bbox 242 359 370 397; x_wconf 83' lang='lat' dir='ltr'>tring</span> <span class='ocrx_word' id='word_1_36' title='bbox 385 356 435 397; x_wconf 82' lang='lat' dir='ltr'>it,</span> <span class='ocrx_word' id='word_1_37' title='bbox 474 356 514 386; x_wconf 90' lang='lat' dir='ltr'>le</span> <span class='ocrx_word' id='word_1_38' title='bbox 530 366 548 387; x_wconf 95' lang='lat' dir='ltr'>n</span> <span class='ocrx_word' id='word_1_39' title='bbox 564 356 602 386; x_wconf 90' lang='lat' dir='ltr'>is</span> <span class='ocrx_word' id='word_1_40' title='bbox 639 366 686 386; x_wconf 91' lang='lat' dir='ltr'>es</span> <span class='ocrx_word' id='word_1_41' title='bbox 703 355 763 395; x_wconf 73' lang='grc' dir='ltr'>ι’).</span> <span class='ocrx_word' id='word_1_42' title='bbox 817 356 1006 387; x_wconf 79' lang='lat' dir='ltr'>llodbahum</span> <span class='ocrx_word' id='word_1_43' title='bbox 1035 357 1179 388; x_wconf 80' lang='lat' dir='ltr'><strong>collectis</strong></span> <span class='ocrx_word' id='word_1_44' title='bbox 1206 361 1306 388; x_wconf 80' lang='lat' dir='ltr'>sociis</span> <span class='ocrx_word' id='word_1_45' title='bbox 1334 358 1515 398; x_wconf 80' lang='lat' dir='ltr'>familiaque</span> <span class='ocrx_word' id='word_1_46' title='bbox 1543 364 1686 399; x_wconf 87' lang='lat' dir='ltr'>tempore</span> <span class='ocrx_word' id='word_1_47' title='bbox 1713 363 1800 391; x_wconf 83' lang='lat' dir='ltr'>veris</span> <span class='ocrx_word' id='word_1_48' title='bbox 1814 384 1823 402; x_wconf 95' lang='lat'>,</span> <span class='ocrx_word' id='word_1_49' title='bbox 1852 374 1913 402; x_wconf 89' lang='lat' dir='ltr'>quo</span> <span class='ocrx_word' id='word_1_50' title='bbox 1942 365 2003 394; x_wconf 81' lang='lat' dir='ltr'>lio-</span> 
     </span>
     <span class='ocr_line' id='line_1_6' title="bbox 209 418 2002 464; baseline 0.003 -14"><span class='ocrx_word' id='word_1_51' title='bbox 209 419 342 450; x_wconf 83' lang='lat' dir='ltr'>minibus</span> <span class='ocrx_word' id='word_1_52' title='bbox 370 419 400 449; x_wconf 90' lang='lat' dir='ltr'>in</span> <span class='ocrx_word' id='word_1_53' title='bbox 425 418 564 448; x_wconf 84' lang='lat' dir='ltr'>diversis</span> <span class='ocrx_word' id='word_1_54' title='bbox 592 418 671 448; x_wconf 85' lang='lat' dir='ltr'>locis</span> <span class='ocrx_word' id='word_1_55' title='bbox 699 418 864 458; x_wconf 78' lang='lat' dir='ltr'>dissipatis</span> <span class='ocrx_word' id='word_1_56' title='bbox 889 429 951 448; x_wconf 91' lang='lat' dir='ltr'>non</span> <span class='ocrx_word' id='word_1_57' title='bbox 979 419 1067 449; x_wconf 87' lang='lat' dir='ltr'>multi</span> <span class='ocrx_word' id='word_1_58' title='bbox 1096 429 1156 448; x_wconf 89' lang='lat' dir='ltr'>uno</span> <span class='ocrx_word' id='word_1_59' title='bbox 1185 420 1252 449; x_wconf 83' lang='lat' dir='ltr'>loco</span> <span class='ocrx_word' id='word_1_60' title='bbox 1275 420 1394 450; x_wconf 81' lang='lat' dir='ltr'>adesse</span> <span class='ocrx_word' id='word_1_61' title='bbox 1417 421 1552 463; x_wconf 80' lang='lat' dir='ltr'>soleant,</span> <span class='ocrx_word' id='word_1_62' title='bbox 1579 428 1674 452; x_wconf 86' lang='lat' dir='ltr'>noctu</span> <span class='ocrx_word' id='word_1_63' title='bbox 1692 424 1890 464; x_wconf 80' lang='lat' dir='ltr'>Sijudalium,</span> <span class='ocrx_word' id='word_1_64' title='bbox 1912 427 2002 456; x_wconf 85' lang='lat' dir='ltr'>cuius</span> 
     </span>
     <span class='ocr_line' id='line_1_7' title="bbox 209 480 2002 522; baseline 0.003 -10"><span class='ocrx_word' id='word_1_65' title='bbox 209 481 347 512; x_wconf 81' lang='lat' dir='ltr'>tentoria</span> <span class='ocrx_word' id='word_1_66' title='bbox 372 481 402 511; x_wconf 89' lang='lat' dir='ltr'>in</span> <span class='ocrx_word' id='word_1_67' title='bbox 429 481 513 510; x_wconf 79' lang='lat' dir='ltr'>valle</span> <span class='ocrx_word' id='word_1_68' title='bbox 539 480 708 512; x_wconf 82' lang='lat' dir='ltr'>Chascliub</span> <span class='ocrx_word' id='word_1_69' title='bbox 736 482 898 521; x_wconf 79' lang='lat' dir='ltr'>appellata</span> <span class='ocrx_word' id='word_1_70' title='bbox 924 482 963 512; x_wconf 83' lang='lat' dir='ltr'>nd</span> <span class='ocrx_word' id='word_1_71' title='bbox 991 492 1106 522; x_wconf 79' lang='lat' dir='ltr'>uquam</span> <span class='ocrx_word' id='word_1_72' title='bbox 1133 482 1264 512; x_wconf 80' lang='lat' dir='ltr'>Salinali</span> <span class='ocrx_word' id='word_1_73' title='bbox 1291 482 1447 522; x_wconf 83' lang='lat' dir='ltr'>disposita</span> <span class='ocrx_word' id='word_1_74' title='bbox 1466 488 1588 522; x_wconf 84' lang='lat' dir='ltr'>essent,</span> <span class='ocrx_word' id='word_1_75' title='bbox 1618 486 1791 515; x_wconf 82' lang='lat' dir='ltr'>invasisse.</span> <span class='ocrx_word' id='word_1_76' title='bbox 1845 488 2002 518; x_wconf 82' lang='lat' dir='ltr'>llodbalio</span> 
     </span>
     <span class='ocr_line' id='line_1_8' title="bbox 209 544 2003 589; baseline 0.003 -14"><span class='ocrx_word' id='word_1_77' title='bbox 209 549 329 583; x_wconf 78' lang='lat' dir='ltr'>nutem,</span> <span class='ocrx_word' id='word_1_78' title='bbox 356 544 386 574; x_wconf 91' lang='lat' dir='ltr'>in</span> <span class='ocrx_word' id='word_1_79' title='bbox 413 544 503 574; x_wconf 86' lang='lat' dir='ltr'>cuius</span> <span class='ocrx_word' id='word_1_80' title='bbox 531 544 651 574; x_wconf 80' lang='lat' dir='ltr'>carnelo</span> <span class='ocrx_word' id='word_1_81' title='bbox 677 545 758 574; x_wconf 79' lang='lat' dir='ltr'>alter</span> <span class='ocrx_word' id='word_1_82' title='bbox 785 554 911 585; x_wconf 86' lang='lat' dir='ltr'>quoque</span> <span class='ocrx_word' id='word_1_83' title='bbox 940 545 1125 585; x_wconf 69' lang='lat' dir='ltr'>velleretur,</span> <span class='ocrx_word' id='word_1_84' title='bbox 1153 545 1309 574; x_wconf 82' lang='lat' dir='ltr'>camelum</span> <span class='ocrx_word' id='word_1_85' title='bbox 1337 546 1376 574; x_wconf 86' lang='lat' dir='ltr'>ad</span> <span class='ocrx_word' id='word_1_86' title='bbox 1403 555 1528 576; x_wconf 86' lang='lat' dir='ltr'>cursum</span> <span class='ocrx_word' id='word_1_87' title='bbox 1556 548 1716 586; x_wconf 75' lang='lat' dir='ltr'>incitante,</span> <span class='ocrx_word' id='word_1_88' title='bbox 1744 559 1837 588; x_wconf 85' lang='lat' dir='ltr'>quum</span> <span class='ocrx_word' id='word_1_89' title='bbox 1863 551 2003 589; x_wconf 78' lang='lat' dir='ltr'>pectoris</span> 
     </span>
     <span class='ocr_line' id='line_1_9' title="bbox 209 606 2003 648; baseline 0.002 -10"><span class='ocrx_word' id='word_1_90' title='bbox 209 607 366 648; x_wconf 84' lang='lat' dir='ltr'>cingulum</span> <span class='ocrx_word' id='word_1_91' title='bbox 392 611 611 648; x_wconf 86' lang='lat' dir='ltr'>rumperetur,</span> <span class='ocrx_word' id='word_1_92' title='bbox 647 612 781 637; x_wconf 86' lang='lat' dir='ltr'>matrem</span> <span class='ocrx_word' id='word_1_93' title='bbox 809 607 974 646; x_wconf 79' lang='lat' dir='ltr'>tlodbahi,</span> <span class='ocrx_word' id='word_1_94' title='bbox 1003 606 1169 637; x_wconf 76' lang='lat' dir='ltr'>stuihanah</span> <span class='ocrx_word' id='word_1_95' title='bbox 1197 607 1400 646; x_wconf 70' lang='lat' dir='ltr'>appellatam,</span> <span class='ocrx_word' id='word_1_96' title='bbox 1429 608 1552 638; x_wconf 82' lang='lat' dir='ltr'>dixisse</span> <span class='ocrx_word' id='word_1_97' title='bbox 1568 620 1574 638; x_wconf 90' lang='lat'>:</span> <span class='ocrx_word' id='word_1_98' title='bbox 1629 610 1655 639; x_wconf 94' lang='grc'><strong>0</strong></span> <span class='ocrx_word' id='word_1_99' title='bbox 1685 611 1737 639; x_wconf 89' lang='lat' dir='ltr'>lilii</span> <span class='ocrx_word' id='word_1_100' title='bbox 1764 607 1899 641; x_wconf 81' lang='lat' dir='ltr'>Alnniri!</span> <span class='ocrx_word' id='word_1_101' title='bbox 1941 621 2003 643; x_wconf 89' lang='lat' dir='ltr'>non</span> 
     </span>
     <span class='ocr_line' id='line_1_10' title="bbox 208 669 2000 715; baseline 0.003 -15"><span class='ocrx_word' id='word_1_102' title='bbox 208 669 273 700; x_wconf 82' lang='lat' dir='ltr'>vidi</span> <span class='ocrx_word' id='word_1_103' title='bbox 297 674 423 701; x_wconf 86' lang='lat' dir='ltr'>noctem</span> <span class='ocrx_word' id='word_1_104' title='bbox 451 670 523 700; x_wconf 82' lang='lat' dir='ltr'>mali</span> <span class='ocrx_word' id='word_1_105' title='bbox 543 670 657 700; x_wconf 89' lang='lat' dir='ltr'>ominis</span> <span class='ocrx_word' id='word_1_106' title='bbox 677 670 777 700; x_wconf 83' lang='lat' dir='ltr'>instar</span> <span class='ocrx_word' id='word_1_107' title='bbox 797 669 888 700; x_wconf 86' lang='lat' dir='ltr'>huius</span> <span class='ocrx_word' id='word_1_108' title='bbox 911 672 1035 709; x_wconf 82' lang='lat' dir='ltr'>noctis3</span> <span class='ocrx_word' id='word_1_109' title='bbox 1065 679 1105 699; x_wconf 92' lang='lat' dir='ltr'>ne</span> <span class='ocrx_word' id='word_1_110' title='bbox 1130 669 1228 710; x_wconf 82' lang='lat' dir='ltr'>igitur</span> <span class='ocrx_word' id='word_1_111' title='bbox 1256 670 1315 700; x_wconf 87' lang='lat' dir='ltr'>hac</span> <span class='ocrx_word' id='word_1_112' title='bbox 1343 676 1437 701; x_wconf 90' lang='lat' dir='ltr'>nocte</span> <span class='ocrx_word' id='word_1_113' title='bbox 1463 670 1564 702; x_wconf 78' lang='lat' dir='ltr'>exite!</span> <span class='ocrx_word' id='word_1_114' title='bbox 1588 672 1724 712; x_wconf 72' lang='lat' dir='ltr'>Cingulo</span> <span class='ocrx_word' id='word_1_115' title='bbox 1753 674 1866 704; x_wconf 88' lang='lat' dir='ltr'>iterum</span> <span class='ocrx_word' id='word_1_116' title='bbox 1895 680 2000 715; x_wconf 88' lang='lat' dir='ltr'>rupto,</span> 
     </span>
     <span class='ocr_line' id='line_1_11' title="bbox 207 733 1997 777; baseline 0.004 -16"><span class='ocrx_word' id='word_1_117' title='bbox 207 741 301 771; x_wconf 87' lang='lat' dir='ltr'>quum</span> <span class='ocrx_word' id='word_1_118' title='bbox 328 733 417 763; x_wconf 81' lang='lat' dir='ltr'>matri</span> <span class='ocrx_word' id='word_1_119' title='bbox 446 743 517 763; x_wconf 79' lang='lat' dir='ltr'>euru</span> <span class='ocrx_word' id='word_1_120' title='bbox 547 737 728 763; x_wconf 83' lang='lat' dir='ltr'>retenturae</span> <span class='ocrx_word' id='word_1_121' title='bbox 755 742 816 762; x_wconf 91' lang='lat' dir='ltr'>non</span> <span class='ocrx_word' id='word_1_122' title='bbox 845 733 1033 771; x_wconf 75' lang='lat' dir='ltr'>obediisset,</span> <span class='ocrx_word' id='word_1_123' title='bbox 1060 737 1180 772; x_wconf 86' lang='lat' dir='ltr'>partem</span> <span class='ocrx_word' id='word_1_124' title='bbox 1207 734 1368 764; x_wconf 91' lang='lat' dir='ltr'>sociorum</span> <span class='ocrx_word' id='word_1_125' title='bbox 1395 744 1468 764; x_wconf 92' lang='lat' dir='ltr'>eum</span> <span class='ocrx_word' id='word_1_126' title='bbox 1495 735 1676 774; x_wconf 81' lang='lat' dir='ltr'>reliquisse.</span> <span class='ocrx_word' id='word_1_127' title='bbox 1730 736 1787 765; x_wconf 81' lang='lat' dir='ltr'>Ubi</span> <span class='ocrx_word' id='word_1_128' title='bbox 1815 737 1853 767; x_wconf 82' lang='lat' dir='ltr'>ad</span> <span class='ocrx_word' id='word_1_129' title='bbox 1883 738 1997 777; x_wconf 87' lang='lat' dir='ltr'>locum,</span> 
     </span>
     <span class='ocr_line' id='line_1_12' title="bbox 207 794 2002 837; baseline 0.004 -13"><span class='ocrx_word' id='word_1_130' title='bbox 207 802 270 832; x_wconf 84' lang='lat' dir='ltr'>quo</span> <span class='ocrx_word' id='word_1_131' title='bbox 293 794 467 834; x_wconf 80' lang='lat' dir='ltr'>Sijadalius</span> <span class='ocrx_word' id='word_1_132' title='bbox 494 798 710 835; x_wconf 87' lang='lat' dir='ltr'>pernoctaret,</span> <span class='ocrx_word' id='word_1_133' title='bbox 739 800 930 834; x_wconf 83' lang='lat' dir='ltr'>perventum</span> <span class='ocrx_word' id='word_1_134' title='bbox 957 800 1061 836; x_wconf 86' lang='lat' dir='ltr'>esset,</span> <span class='ocrx_word' id='word_1_135' title='bbox 1089 796 1192 834; x_wconf 86' lang='lat' dir='ltr'>ipsum</span> <span class='ocrx_word' id='word_1_136' title='bbox 1221 806 1339 826; x_wconf 82' lang='lat' dir='ltr'>versus</span> <span class='ocrx_word' id='word_1_137' title='bbox 1365 803 1543 837; x_wconf 80' lang='lat' dir='ltr'>sequentes</span> <span class='ocrx_word' id='word_1_138' title='bbox 1571 803 1673 828; x_wconf 89' lang='lat' dir='ltr'>metro</span> <span class='ocrx_word' id='word_1_139' title='bbox 1693 800 1787 829; x_wconf 82' lang='lat' dir='ltr'>Sarih</span> <span class='ocrx_word' id='word_1_140' title='bbox 1814 801 2002 832; x_wconf 81' lang='lat' dir='ltr'>recitantem</span> 
     </span>
     <span class='ocr_line' id='line_1_13' title="bbox 206 856 1999 900; baseline 0.003 -13"><span class='ocrx_word' id='word_1_141' title='bbox 206 867 264 887; x_wconf 88' lang='lat' dir='ltr'>eos</span> <span class='ocrx_word' id='word_1_142' title='bbox 292 857 473 888; x_wconf 84' lang='lat' dir='ltr'>audivisse:</span> <span class='ocrx_word' id='word_1_143' title='bbox 526 858 656 889; x_wconf 85' lang='lat' dir='ltr'>Unde</span> <span class='ocrx_word' id='word_1_144' title='bbox 686 860 829 889; x_wconf 89' lang='lat' dir='ltr'>venit</span> <span class='ocrx_word' id='word_1_145' title='bbox 855 868 977 900; x_wconf 84' lang='lat' dir='ltr'>gens</span> <span class='ocrx_word' id='word_1_146' title='bbox 1005 859 1033 887; x_wconf 83' lang='lat' dir='ltr'><strong>A</strong></span> <span class='ocrx_word' id='word_1_147' title='bbox 1051 858 1169 888; x_wconf 90' lang='lat' dir='ltr'>hmir</span> <span class='ocrx_word' id='word_1_148' title='bbox 1196 856 1390 897; x_wconf 69' lang='lat' dir='ltr'>turpis?</span> <span class='ocrx_word' id='word_1_149' title='bbox 1424 869 1474 889; x_wconf 90' lang='lat' dir='ltr'>ne</span> <span class='ocrx_word' id='word_1_150' title='bbox 1501 860 1629 890; x_wconf 86' lang='lat' dir='ltr'>felix</span> <span class='ocrx_word' id='word_1_151' title='bbox 1657 861 1721 890; x_wconf 88' lang='lat' dir='ltr'>sit</span> <span class='ocrx_word' id='word_1_152' title='bbox 1749 862 1999 893; x_wconf 88' lang='lat' dir='ltr'>adventus</span> 
     </span>
     <span class='ocr_line' id='line_1_14' title="bbox 207 919 2003 965; baseline 0.004 -16"><span class='ocrx_word' id='word_1_153' title='bbox 207 919 379 959; x_wconf 89' lang='lat' dir='ltr'>populi</span> <span class='ocrx_word' id='word_1_154' title='bbox 405 919 639 951; x_wconf 83' lang='lat' dir='ltr'>Messiae!</span> <span class='ocrx_word' id='word_1_155' title='bbox 667 921 766 950; x_wconf 76' lang='lat' dir='ltr'>Non</span> <span class='ocrx_word' id='word_1_156' title='bbox 798 920 1063 960; x_wconf 82' lang='lat' dir='ltr'>accipietis</span> <span class='ocrx_word' id='word_1_157' title='bbox 1092 921 1308 959; x_wconf 89' lang='lat' dir='ltr'>pretium</span> <span class='ocrx_word' id='word_1_158' title='bbox 1335 922 1599 953; x_wconf 82' lang='lat' dir='ltr'>vindictae</span> <span class='ocrx_word' id='word_1_159' title='bbox 1627 933 1722 954; x_wconf 89' lang='lat' dir='ltr'>cum</span> <span class='ocrx_word' id='word_1_160' title='bbox 1750 925 2003 965; x_wconf 79' lang='lat' dir='ltr'>ignominia</span> 
     </span>
     <span class='ocr_line' id='line_1_15' title="bbox 206 982 2002 1028; baseline 0.004 -16"><span class='ocrx_word' id='word_1_161' title='bbox 206 987 251 1012; x_wconf 90' lang='lat' dir='ltr'>et</span> <span class='ocrx_word' id='word_1_162' title='bbox 280 991 366 1012; x_wconf 89' lang='lat' dir='ltr'>non</span> <span class='ocrx_word' id='word_1_163' title='bbox 406 982 632 1021; x_wconf 90' lang='lat' dir='ltr'>prodetis</span> <span class='ocrx_word' id='word_1_164' title='bbox 672 986 857 1023; x_wconf 82' lang='lat' dir='ltr'>gentem</span> <span class='ocrx_word' id='word_1_165' title='bbox 896 983 937 1012; x_wconf 91' lang='lat' dir='ltr'>in</span> <span class='ocrx_word' id='word_1_166' title='bbox 983 992 1153 1024; x_wconf 90' lang='lat' dir='ltr'>opere,</span> <span class='ocrx_word' id='word_1_167' title='bbox 1194 982 1320 1022; x_wconf 87' lang='lat' dir='ltr'>quod</span> <span class='ocrx_word' id='word_1_168' title='bbox 1365 985 1465 1014; x_wconf 90' lang='lat' dir='ltr'>cito</span> <span class='ocrx_word' id='word_1_169' title='bbox 1511 986 1811 1028; x_wconf 77' lang='lat' dir='ltr'>expeditur,</span> <span class='ocrx_word' id='word_1_170' title='bbox 1853 989 2002 1019; x_wconf 90' lang='lat' dir='ltr'>donec</span> 
     </span>
     <span class='ocr_line' id='line_1_16' title="bbox 205 1043 2002 1088; baseline 0.004 -15"><span class='ocrx_word' id='word_1_171' title='bbox 205 1043 243 1074; x_wconf 88' lang='lat' dir='ltr'>ic</span> <span class='ocrx_word' id='word_1_172' title='bbox 259 1048 272 1074; x_wconf 92' lang='lat' dir='ltr'>t</span> <span class='ocrx_word' id='word_1_173' title='bbox 288 1053 307 1074; x_wconf 96' lang='lat' dir='ltr'>u</span> <span class='ocrx_word' id='word_1_174' title='bbox 323 1054 352 1074; x_wconf 91' lang='lat' dir='ltr'>m</span> <span class='ocrx_word' id='word_1_175' title='bbox 383 1053 400 1074; x_wconf 87' lang='lat' dir='ltr'>e</span> <span class='ocrx_word' id='word_1_176' title='bbox 417 1054 436 1073; x_wconf 90' lang='lat' dir='ltr'>n</span> <span class='ocrx_word' id='word_1_177' title='bbox 452 1046 524 1074; x_wconf 89' lang='lat' dir='ltr'>sis</span> <span class='ocrx_word' id='word_1_178' title='bbox 551 1054 573 1073; x_wconf 92' lang='lat' dir='ltr'>v</span> <span class='ocrx_word' id='word_1_179' title='bbox 587 1043 719 1073; x_wconf 90' lang='lat' dir='ltr'>ehem</span> <span class='ocrx_word' id='word_1_180' title='bbox 737 1054 755 1074; x_wconf 93' lang='lat' dir='ltr'>e</span> <span class='ocrx_word' id='word_1_181' title='bbox 770 1049 814 1074; x_wconf 91' lang='lat' dir='ltr'>nt</span> <span class='ocrx_word' id='word_1_182' title='bbox 830 1054 848 1074; x_wconf 85' lang='lat' dir='ltr'>e</span> <span class='ocrx_word' id='word_1_183' title='bbox 860 1054 888 1074; x_wconf 94' lang='lat' dir='ltr'>m</span> <span class='ocrx_word' id='word_1_184' title='bbox 917 1054 940 1085; x_wconf 86' lang='lat' dir='ltr'><strong>g</strong></span> <span class='ocrx_word' id='word_1_185' title='bbox 957 1054 975 1074; x_wconf 92' lang='lat' dir='ltr'>u</span> <span class='ocrx_word' id='word_1_186' title='bbox 990 1046 1152 1075; x_wconf 86' lang='lat' dir='ltr'>statis.</span> <span class='ocrx_word' id='word_1_187' title='bbox 1205 1046 1284 1075; x_wconf 84' lang='lat' dir='ltr'>Tum</span> <span class='ocrx_word' id='word_1_188' title='bbox 1313 1047 1442 1077; x_wconf 87' lang='lat' dir='ltr'>fratrem</span> <span class='ocrx_word' id='word_1_189' title='bbox 1470 1048 1540 1077; x_wconf 91' lang='lat' dir='ltr'>eius</span> <span class='ocrx_word' id='word_1_190' title='bbox 1559 1048 1678 1078; x_wconf 76' lang='lat' dir='ltr'>Naffah</span> <span class='ocrx_word' id='word_1_191' title='bbox 1699 1055 1875 1088; x_wconf 85' lang='lat' dir='ltr'>sequentes</span> <span class='ocrx_word' id='word_1_192' title='bbox 1902 1056 2002 1080; x_wconf 88' lang='lat' dir='ltr'>metro</span> 
     </span>
     <span class='ocr_line' id='line_1_17' title="bbox 203 1104 2000 1154; baseline 0.004 -19"><span class='ocrx_word' id='word_1_193' title='bbox 203 1104 326 1145; x_wconf 85' lang='lat' dir='ltr'>Redjes</span> <span class='ocrx_word' id='word_1_194' title='bbox 353 1115 446 1136; x_wconf 90' lang='lat' dir='ltr'>usum</span> <span class='ocrx_word' id='word_1_195' title='bbox 473 1106 633 1137; x_wconf 85' lang='lat' dir='ltr'>recitasse</span> <span class='ocrx_word' id='word_1_196' title='bbox 658 1116 801 1139; x_wconf 86' lang='lat' dir='ltr'>versus:</span> <span class='ocrx_word' id='word_1_197' title='bbox 845 1107 891 1136; x_wconf 86' lang='lat' dir='ltr'>Ia</span> <span class='ocrx_word' id='word_1_198' title='bbox 905 1116 933 1136; x_wconf 86' lang='lat' dir='ltr'>m</span> <span class='ocrx_word' id='word_1_199' title='bbox 961 1108 1047 1137; x_wconf 91' lang='lat' dir='ltr'>scit</span> <span class='ocrx_word' id='word_1_200' title='bbox 1076 1108 1283 1148; x_wconf 84' lang='lat' dir='ltr'>(mulier)</span> <span class='ocrx_word' id='word_1_201' title='bbox 1311 1119 1329 1138; x_wconf 86' lang='lat' dir='ltr'>a</span> <span class='ocrx_word' id='word_1_202' title='bbox 1343 1109 1362 1139; x_wconf 90' lang='lat' dir='ltr'>d</span> <span class='ocrx_word' id='word_1_203' title='bbox 1389 1119 1443 1139; x_wconf 89' lang='lat' dir='ltr'>vo</span> <span class='ocrx_word' id='word_1_204' title='bbox 1459 1119 1477 1139; x_wconf 86' lang='lat' dir='ltr'>c</span> <span class='ocrx_word' id='word_1_205' title='bbox 1491 1120 1510 1140; x_wconf 91' lang='lat' dir='ltr'>a</span> <span class='ocrx_word' id='word_1_206' title='bbox 1525 1120 1543 1139; x_wconf 91' lang='lat' dir='ltr'>n</span> <span class='ocrx_word' id='word_1_207' title='bbox 1560 1115 1573 1140; x_wconf 89' lang='lat' dir='ltr'>t</span> <span class='ocrx_word' id='word_1_208' title='bbox 1587 1120 1604 1140; x_wconf 91' lang='lat' dir='ltr'>e</span> <span class='ocrx_word' id='word_1_209' title='bbox 1618 1120 1706 1141; x_wconf 88' lang='lat' dir='ltr'>mm</span> <span class='ocrx_word' id='word_1_210' title='bbox 1720 1122 1738 1141; x_wconf 92' lang='lat' dir='ltr'>e</span> <span class='ocrx_word' id='word_1_211' title='bbox 1768 1111 2000 1154; x_wconf 82' lang='lat' dir='ltr'>festinare,</span> 
     </span>
     <span class='ocr_line' id='line_1_18' title="bbox 203 1167 2001 1212; baseline 0.004 -15"><span class='ocrx_word' id='word_1_212' title='bbox 203 1167 430 1198; x_wconf 85' lang='lat' dir='ltr'>audacem</span> <span class='ocrx_word' id='word_1_213' title='bbox 456 1173 600 1198; x_wconf 82' lang='lat' dir='ltr'>extra</span> <span class='ocrx_word' id='word_1_214' title='bbox 626 1168 802 1199; x_wconf 87' lang='lat' dir='ltr'>domum</span> <span class='ocrx_word' id='word_1_215' title='bbox 829 1178 928 1199; x_wconf 90' lang='lat' dir='ltr'>cum</span> <span class='ocrx_word' id='word_1_216' title='bbox 957 1169 1132 1200; x_wconf 86' lang='lat' dir='ltr'>lancea</span> <span class='ocrx_word' id='word_1_217' title='bbox 1159 1175 1425 1212; x_wconf 90' lang='lat' dir='ltr'>tremente,</span> <span class='ocrx_word' id='word_1_218' title='bbox 1454 1172 1598 1202; x_wconf 92' lang='lat' dir='ltr'>cuius</span> <span class='ocrx_word' id='word_1_219' title='bbox 1626 1174 1900 1204; x_wconf 83' lang='lat' dir='ltr'>confessio</span> <span class='ocrx_word' id='word_1_220' title='bbox 1928 1185 2001 1205; x_wconf 91' lang='lat' dir='ltr'>ne-</span> 
     </span>
     <span class='ocr_line' id='line_1_19' title="bbox 203 1230 2000 1277; baseline 0.004 -18"><span class='ocrx_word' id='word_1_221' title='bbox 203 1238 289 1268; x_wconf 89' lang='lat' dir='ltr'>que</span> <span class='ocrx_word' id='word_1_222' title='bbox 316 1230 489 1270; x_wconf 89' lang='lat' dir='ltr'>segnis</span> <span class='ocrx_word' id='word_1_223' title='bbox 516 1235 595 1259; x_wconf 89' lang='lat' dir='ltr'>est</span> <span class='ocrx_word' id='word_1_224' title='bbox 623 1234 663 1260; x_wconf 87' lang='lat' dir='ltr'>et</span> <span class='ocrx_word' id='word_1_225' title='bbox 689 1230 857 1271; x_wconf 84' lang='lat' dir='ltr'>gladio</span> <span class='ocrx_word' id='word_1_226' title='bbox 877 1231 1553 1264; x_wconf 79' lang='lat' dir='ltr'>Maschrefiticolateribus</span> <span class='ocrx_word' id='word_1_227' title='bbox 1580 1236 1818 1277; x_wconf 85' lang='lat' dir='ltr'>praedito,</span> <span class='ocrx_word' id='word_1_228' title='bbox 1846 1246 2000 1276; x_wconf 86' lang='lat' dir='ltr'>aequa-</span> 
     </span>
     <span class='ocr_line' id='line_1_20' title="bbox 202 1291 2000 1336; baseline 0.004 -15"><span class='ocrx_word' id='word_1_229' title='bbox 202 1291 301 1322; x_wconf 84' lang='lat' dir='ltr'>bili.</span> <span class='ocrx_word' id='word_1_230' title='bbox 345 1292 426 1322; x_wconf 76' lang='grc' dir='ltr'>ΝΗ</span> <span class='ocrx_word' id='word_1_231' title='bbox 464 1292 659 1333; x_wconf 85' lang='lat' dir='ltr'>ingrati</span> <span class='ocrx_word' id='word_1_232' title='bbox 689 1294 732 1322; x_wconf 91' lang='lat' dir='ltr'>in</span> <span class='ocrx_word' id='word_1_233' title='bbox 766 1298 917 1323; x_wconf 84' lang='lat' dir='ltr'>morte</span> <span class='ocrx_word' id='word_1_234' title='bbox 952 1299 1045 1336; x_wconf 89' lang='lat' dir='ltr'>est,</span> <span class='ocrx_word' id='word_1_235' title='bbox 1081 1305 1214 1335; x_wconf 89' lang='lat' dir='ltr'>quum</span> <span class='ocrx_word' id='word_1_236' title='bbox 1249 1300 1442 1336; x_wconf 84' lang='lat' dir='ltr'>tempus</span> <span class='ocrx_word' id='word_1_237' title='bbox 1470 1297 1630 1327; x_wconf 88' lang='lat' dir='ltr'>adest.</span> <span class='ocrx_word' id='word_1_238' title='bbox 1683 1299 1764 1328; x_wconf 87' lang='lat' dir='ltr'>Post</span> <span class='ocrx_word' id='word_1_239' title='bbox 1791 1299 1851 1329; x_wconf 87' lang='lat' dir='ltr'>hos</span> <span class='ocrx_word' id='word_1_240' title='bbox 1881 1309 2000 1329; x_wconf 85' lang='lat' dir='ltr'>versus</span> 
     </span>
     <span class='ocr_line' id='line_1_21' title="bbox 201 1341 2000 1398; baseline 0.003 -13"><span class='ocrx_word' id='word_1_241' title='bbox 201 1354 391 1385; x_wconf 84' lang='lat' dir='ltr'>Hodbahum</span> <span class='ocrx_word' id='word_1_242' title='bbox 419 1360 519 1385; x_wconf 85' lang='lat' dir='ltr'>metro</span> <span class='ocrx_word' id='word_1_243' title='bbox 548 1355 670 1394; x_wconf 86' lang='lat' dir='ltr'>Redjes</span> <span class='ocrx_word' id='word_1_244' title='bbox 698 1364 777 1386; x_wconf 84' lang='lat' dir='ltr'>usus</span> <span class='ocrx_word' id='word_1_245' title='bbox 806 1358 986 1386; x_wconf 86' lang='lat' dir='ltr'>recitasse:</span> <span class='ocrx_word' id='word_1_246' title='bbox 1040 1358 1154 1398; x_wconf 86' lang='lat' dir='ltr'>Ego,</span> <span class='ocrx_word' id='word_1_247' title='bbox 1180 1367 1232 1397; x_wconf 86' lang='lat' dir='ltr'>qu</span> <span class='ocrx_word' id='word_1_248' title='bbox 1250 1368 1312 1388; x_wconf 89' lang='lat' dir='ltr'>um</span> <span class='ocrx_word' id='word_1_249' title='bbox 1339 1359 1513 1389; x_wconf 82' lang='lat' dir='ltr'>timidu</span> <span class='ocrx_word' id='word_1_250' title='bbox 1531 1370 1548 1389; x_wconf 89' lang='lat' dir='ltr'>s</span> <span class='ocrx_word' id='word_1_251' title='bbox 1577 1341 1678 1390; x_wconf 60' lang='lat' dir='ltr'>loc⁸o</span> <span class='ocrx_word' id='word_1_252' title='bbox 1707 1370 1724 1389; x_wconf 94' lang='grc' dir='ltr'><strong>ο</strong></span> <span class='ocrx_word' id='word_1_253' title='bbox 1742 1362 1923 1392; x_wconf 86' lang='lat' dir='ltr'>bscuro</span> <span class='ocrx_word' id='word_1_254' title='bbox 1951 1371 2000 1391; x_wconf 90' lang='lat' dir='ltr'>se</span> 
     </span>
     <span class='ocr_line' id='line_1_22' title="bbox 202 1417 2000 1465; baseline 0.004 -18"><span class='ocrx_word' id='word_1_255' title='bbox 202 1418 463 1448; x_wconf 86' lang='lat' dir='ltr'>occultare</span> <span class='ocrx_word' id='word_1_256' title='bbox 487 1417 682 1458; x_wconf 89' lang='lat' dir='ltr'>studet,</span> <span class='ocrx_word' id='word_1_257' title='bbox 712 1419 886 1448; x_wconf 84' lang='lat' dir='ltr'>durnin</span> <span class='ocrx_word' id='word_1_258' title='bbox 914 1429 1046 1449; x_wconf 80' lang='lat' dir='ltr'>manu</span> <span class='ocrx_word' id='word_1_259' title='bbox 1072 1425 1154 1450; x_wconf 89' lang='lat' dir='ltr'>est</span> <span class='ocrx_word' id='word_1_260' title='bbox 1182 1420 1368 1452; x_wconf 86' lang='lat' dir='ltr'>flamma</span> <span class='ocrx_word' id='word_1_261' title='bbox 1407 1420 1569 1465; x_wconf 86' lang='lat' dir='ltr'>(ensis)</span> <span class='ocrx_word' id='word_1_262' title='bbox 1603 1424 1724 1454; x_wconf 89' lang='lat' dir='ltr'>sicut</span> <span class='ocrx_word' id='word_1_263' title='bbox 1756 1425 2000 1465; x_wconf 87' lang='lat' dir='ltr'>scintilla,</span> 
     </span>
     <span class='ocr_line' id='line_1_23' title="bbox 202 1480 1997 1527; baseline 0.004 -17"><span class='ocrx_word' id='word_1_264' title='bbox 202 1481 483 1521; x_wconf 84' lang='lat' dir='ltr'>perfectam</span> <span class='ocrx_word' id='word_1_265' title='bbox 510 1480 720 1522; x_wconf 79' lang='lat' dir='ltr'>hastam,</span> <span class='ocrx_word' id='word_1_266' title='bbox 748 1484 892 1512; x_wconf 85' lang='lat' dir='ltr'>cuius</span> <span class='ocrx_word' id='word_1_267' title='bbox 920 1482 1089 1512; x_wconf 89' lang='lat' dir='ltr'>crines</span> <span class='ocrx_word' id='word_1_268' title='bbox 1115 1482 1337 1522; x_wconf 86' lang='lat' dir='ltr'>dispersi</span> <span class='ocrx_word' id='word_1_269' title='bbox 1364 1494 1451 1514; x_wconf 87' lang='lat' dir='ltr'>non</span> <span class='ocrx_word' id='word_1_270' title='bbox 1478 1485 1624 1526; x_wconf 77' lang='lat' dir='ltr'>sunt¹),</span> <span class='ocrx_word' id='word_1_271' title='bbox 1655 1492 1866 1525; x_wconf 83' lang='lat' dir='ltr'>portans</span> <span class='ocrx_word' id='word_1_272' title='bbox 1894 1487 1997 1527; x_wconf 81' lang='lat' dir='ltr'>quod</span> 
     </span>
     <span class='ocr_line' id='line_1_24' title="bbox 200 1545 1998 1589; baseline 0.003 -15"><span class='ocrx_word' id='word_1_273' title='bbox 200 1545 315 1575; x_wconf 90' lang='lat' dir='ltr'>mihi</span> <span class='ocrx_word' id='word_1_274' title='bbox 341 1547 396 1575; x_wconf 89' lang='lat' dir='ltr'>im</span> <span class='ocrx_word' id='word_1_275' title='bbox 415 1545 626 1584; x_wconf 88' lang='lat' dir='ltr'>positum</span> <span class='ocrx_word' id='word_1_276' title='bbox 668 1551 742 1576; x_wconf 92' lang='lat' dir='ltr'>est</span> <span class='ocrx_word' id='word_1_277' title='bbox 780 1550 868 1575; x_wconf 88' lang='lat' dir='ltr'>tam</span> <span class='ocrx_word' id='word_1_278' title='bbox 907 1545 1067 1574; x_wconf 89' lang='lat' dir='ltr'>bonum</span> <span class='ocrx_word' id='word_1_279' title='bbox 1105 1554 1236 1584; x_wconf 89' lang='lat' dir='ltr'>quam</span> <span class='ocrx_word' id='word_1_280' title='bbox 1279 1546 1455 1576; x_wconf 83' lang='lat' dir='ltr'>malum.</span> <span class='ocrx_word' id='word_1_281' title='bbox 1510 1547 1648 1576; x_wconf 85' lang='lat' dir='ltr'>Carmen</span> <span class='ocrx_word' id='word_1_282' title='bbox 1678 1547 1739 1577; x_wconf 84' lang='lat' dir='ltr'>hoc</span> <span class='ocrx_word' id='word_1_283' title='bbox 1766 1549 1894 1589; x_wconf 84' lang='lat' dir='ltr'>longum</span> <span class='ocrx_word' id='word_1_284' title='bbox 1923 1558 1998 1579; x_wconf 85' lang='lat' dir='ltr'>esse</span> 
     </span>
     <span class='ocr_line' id='line_1_25' title="bbox 200 1607 1999 1650; baseline 0.002 -11"><span class='ocrx_word' id='word_1_285' title='bbox 200 1607 316 1639; x_wconf 83' lang='lat' dir='ltr'>dicunt.</span> <span class='ocrx_word' id='word_1_286' title='bbox 367 1608 555 1638; x_wconf 86' lang='lat' dir='ltr'>Hodbahum</span> <span class='ocrx_word' id='word_1_287' title='bbox 585 1608 716 1638; x_wconf 71' lang='lat' dir='ltr'>Naffahi</span> <span class='ocrx_word' id='word_1_288' title='bbox 756 1608 847 1648; x_wconf 88' lang='lat' dir='ltr'>pedis</span> <span class='ocrx_word' id='word_1_289' title='bbox 887 1618 1032 1645; x_wconf 88' lang='lat' dir='ltr'>nervum,</span> <span class='ocrx_word' id='word_1_290' title='bbox 1074 1607 1158 1636; x_wconf 93' lang='lat' dir='ltr'>illum</span> <span class='ocrx_word' id='word_1_291' title='bbox 1199 1616 1344 1649; x_wconf 86' lang='lat' dir='ltr'>nervum,</span> <span class='ocrx_word' id='word_1_292' title='bbox 1385 1618 1446 1648; x_wconf 89' lang='lat' dir='ltr'>quo</span> <span class='ocrx_word' id='word_1_293' title='bbox 1484 1610 1644 1640; x_wconf 79' lang='lat' dir='ltr'>Naffahus</span> <span class='ocrx_word' id='word_1_294' title='bbox 1673 1611 1856 1650; x_wconf 89' lang='lat' dir='ltr'>pudendum</span> <span class='ocrx_word' id='word_1_295' title='bbox 1885 1613 1999 1642; x_wconf 88' lang='lat' dir='ltr'>matris</span> 
     </span>
     <span class='ocr_line' id='line_1_26' title="bbox 198 1670 1998 1712; baseline 0.001 -10"><span class='ocrx_word' id='word_1_296' title='bbox 198 1671 346 1702; x_wconf 78' lang='lat' dir='ltr'>Hodbahi</span> <span class='ocrx_word' id='word_1_297' title='bbox 373 1671 549 1712; x_wconf 79' lang='lat' dir='ltr'>tetigisset,</span> <span class='ocrx_word' id='word_1_298' title='bbox 587 1676 794 1710; x_wconf 79' lang='lat' dir='ltr'>amputasse3</span> <span class='ocrx_word' id='word_1_299' title='bbox 832 1671 966 1700; x_wconf 87' lang='lat' dir='ltr'>alterum</span> <span class='ocrx_word' id='word_1_300' title='bbox 994 1676 1097 1701; x_wconf 87' lang='lat' dir='ltr'>autem</span> <span class='ocrx_word' id='word_1_301' title='bbox 1124 1675 1190 1700; x_wconf 91' lang='lat' dir='ltr'>tum</span> <span class='ocrx_word' id='word_1_302' title='bbox 1218 1670 1309 1701; x_wconf 71' lang='lat' dir='ltr'>hasta</span> <span class='ocrx_word' id='word_1_303' title='bbox 1343 1672 1447 1702; x_wconf 84' lang='lat' dir='ltr'>nixum</span> <span class='ocrx_word' id='word_1_304' title='bbox 1485 1673 1591 1712; x_wconf 85' lang='lat' dir='ltr'>gladio</span> <span class='ocrx_word' id='word_1_305' title='bbox 1628 1683 1666 1703; x_wconf 91' lang='lat' dir='ltr'>se</span> <span class='ocrx_word' id='word_1_306' title='bbox 1700 1674 1894 1705; x_wconf 79' lang='lat' dir='ltr'>defendisse.</span> <span class='ocrx_word' id='word_1_307' title='bbox 1947 1674 1998 1703; x_wconf 80' lang='lat' dir='ltr'>Ab</span> 
     </span>
     <span class='ocr_line' id='line_1_27' title="bbox 164 1721 1996 1772; baseline 0.001 -8"><span class='ocrx_word' id='word_1_308' title='bbox 164 1721 172 1730; x_wconf 48' lang='lat'><strong><em>⁹</em></strong></span> <span class='ocrx_word' id='word_1_309' title='bbox 199 1734 269 1764; x_wconf 83' lang='lat' dir='ltr'>aliis</span> <span class='ocrx_word' id='word_1_310' title='bbox 309 1740 415 1764; x_wconf 86' lang='lat' dir='ltr'>autem</span> <span class='ocrx_word' id='word_1_311' title='bbox 447 1744 513 1764; x_wconf 91' lang='lat' dir='ltr'>rem</span> <span class='ocrx_word' id='word_1_312' title='bbox 554 1734 646 1763; x_wconf 86' lang='lat' dir='ltr'>aliter</span> <span class='ocrx_word' id='word_1_313' title='bbox 682 1737 840 1763; x_wconf 80' lang='lat' dir='ltr'>narratam</span> <span class='ocrx_word' id='word_1_314' title='bbox 870 1743 957 1763; x_wconf 88' lang='lat' dir='ltr'>esse.</span> <span class='ocrx_word' id='word_1_315' title='bbox 1018 1734 1162 1763; x_wconf 82' lang='lat' dir='ltr'>Narrant</span> <span class='ocrx_word' id='word_1_316' title='bbox 1188 1733 1372 1772; x_wconf 83' lang='lat' dir='ltr'>Sijadahum</span> <span class='ocrx_word' id='word_1_317' title='bbox 1401 1744 1578 1766; x_wconf 86' lang='lat' dir='ltr'>sermonem</span> <span class='ocrx_word' id='word_1_318' title='bbox 1607 1736 1773 1766; x_wconf 82' lang='lat' dir='ltr'>facientem</span> <span class='ocrx_word' id='word_1_319' title='bbox 1802 1746 1869 1766; x_wconf 90' lang='lat' dir='ltr'>cum</span> <span class='ocrx_word' id='word_1_320' title='bbox 1897 1736 1996 1766; x_wconf 79' lang='lat' dir='ltr'>altero</span> 
     </span>
     <span class='ocr_line' id='line_1_28' title="bbox 199 1795 1993 1838; baseline 0.001 -12"><span class='ocrx_word' id='word_1_321' title='bbox 199 1796 335 1836; x_wconf 90' lang='lat' dir='ltr'>quodam</span> <span class='ocrx_word' id='word_1_322' title='bbox 361 1808 379 1827; x_wconf 93' lang='lat' dir='ltr'>e</span> <span class='ocrx_word' id='word_1_323' title='bbox 407 1803 505 1838; x_wconf 86' lang='lat' dir='ltr'>gente</span> <span class='ocrx_word' id='word_1_324' title='bbox 533 1797 680 1828; x_wconf 84' lang='lat' dir='ltr'>Ilodbahi</span> <span class='ocrx_word' id='word_1_325' title='bbox 708 1798 830 1827; x_wconf 84' lang='lat' dir='ltr'>dixisse</span> <span class='ocrx_word' id='word_1_326' title='bbox 845 1808 851 1826; x_wconf 92' lang='lat'>:</span> <span class='ocrx_word' id='word_1_327' title='bbox 896 1797 981 1827; x_wconf 84' lang='lat' dir='ltr'>Num</span> <span class='ocrx_word' id='word_1_328' title='bbox 1010 1805 1132 1826; x_wconf 87' lang='lat' dir='ltr'>mecum</span> <span class='ocrx_word' id='word_1_329' title='bbox 1159 1795 1296 1834; x_wconf 86' lang='lat' dir='ltr'>loqueris</span> <span class='ocrx_word' id='word_1_330' title='bbox 1311 1818 1321 1837; x_wconf 92' lang='lat'>,</span> <span class='ocrx_word' id='word_1_331' title='bbox 1364 1797 1415 1835; x_wconf 85' lang='lat' dir='ltr'>qui</span> <span class='ocrx_word' id='word_1_332' title='bbox 1442 1797 1555 1836; x_wconf 87' lang='lat' dir='ltr'>pedem</span> <span class='ocrx_word' id='word_1_333' title='bbox 1582 1808 1679 1837; x_wconf 90' lang='lat' dir='ltr'>snper</span> <span class='ocrx_word' id='word_1_334' title='bbox 1707 1798 1853 1837; x_wconf 89' lang='lat' dir='ltr'>pudendo</span> <span class='ocrx_word' id='word_1_335' title='bbox 1881 1798 1993 1828; x_wconf 81' lang='lat' dir='ltr'>matris</span> 
     </span>
     <span class='ocr_line' id='line_1_29' title="bbox 200 1857 1996 1901; baseline 0.001 -13"><span class='ocrx_word' id='word_1_336' title='bbox 200 1857 386 1899; x_wconf 66' lang='lat' dir='ltr'>posuerim?</span> <span class='ocrx_word' id='word_1_337' title='bbox 414 1863 517 1890; x_wconf 90' lang='lat' dir='ltr'>virum</span> <span class='ocrx_word' id='word_1_338' title='bbox 545 1867 651 1891; x_wconf 88' lang='lat' dir='ltr'>autem</span> <span class='ocrx_word' id='word_1_339' title='bbox 678 1862 826 1901; x_wconf 80' lang='lat' dir='ltr'>vovisse,</span> <span class='ocrx_word' id='word_1_340' title='bbox 856 1872 894 1891; x_wconf 83' lang='lat' dir='ltr'>se</span> <span class='ocrx_word' id='word_1_341' title='bbox 923 1860 1036 1900; x_wconf 88' lang='lat' dir='ltr'>pedem</span> <span class='ocrx_word' id='word_1_342' title='bbox 1066 1865 1266 1889; x_wconf 85' lang='lat' dir='ltr'>resecturum</span> <span class='ocrx_word' id='word_1_343' title='bbox 1297 1868 1384 1888; x_wconf 89' lang='lat' dir='ltr'>esse.</span> <span class='ocrx_word' id='word_1_344' title='bbox 1426 1858 1488 1896; x_wconf 80' lang='lat' dir='ltr'>Qui</span> <span class='ocrx_word' id='word_1_345' title='bbox 1518 1868 1611 1898; x_wconf 88' lang='lat' dir='ltr'>quum</span> <span class='ocrx_word' id='word_1_346' title='bbox 1640 1860 1815 1890; x_wconf 83' lang='lat' dir='ltr'>adventum</span> <span class='ocrx_word' id='word_1_347' title='bbox 1848 1859 1996 1889; x_wconf 85' lang='lat' dir='ltr'>Hodbahi</span> 
     </span>
     <span class='ocr_line' id='line_1_30' title="bbox 200 1922 1997 1964; baseline -0.001 -12"><span class='ocrx_word' id='word_1_348' title='bbox 200 1931 271 1952; x_wconf 83' lang='lat' dir='ltr'>cum</span> <span class='ocrx_word' id='word_1_349' title='bbox 298 1922 396 1952; x_wconf 89' lang='lat' dir='ltr'>sociis</span> <span class='ocrx_word' id='word_1_350' title='bbox 423 1923 603 1963; x_wconf 81' lang='lat' dir='ltr'>sensisset,</span> <span class='ocrx_word' id='word_1_351' title='bbox 645 1924 747 1963; x_wconf 86' lang='lat' dir='ltr'>ipsum</span> <span class='ocrx_word' id='word_1_352' title='bbox 775 1925 835 1954; x_wconf 89' lang='lat' dir='ltr'>sub</span> <span class='ocrx_word' id='word_1_353' title='bbox 866 1929 1009 1953; x_wconf 80' lang='lat' dir='ltr'>extrema</span> <span class='ocrx_word' id='word_1_354' title='bbox 1047 1922 1175 1952; x_wconf 88' lang='lat' dir='ltr'>tentorii</span> <span class='ocrx_word' id='word_1_355' title='bbox 1205 1926 1295 1961; x_wconf 88' lang='lat' dir='ltr'>parte</span> <span class='ocrx_word' id='word_1_356' title='bbox 1328 1922 1524 1951; x_wconf 89' lang='lat' dir='ltr'>occultatum</span> <span class='ocrx_word' id='word_1_357' title='bbox 1561 1923 1668 1963; x_wconf 83' lang='lat' dir='ltr'>gladio</span> <span class='ocrx_word' id='word_1_358' title='bbox 1705 1924 1818 1964; x_wconf 86' lang='lat' dir='ltr'>pedem</span> <span class='ocrx_word' id='word_1_359' title='bbox 1852 1922 1997 1963; x_wconf 85' lang='lat' dir='ltr'>Sijadahi</span> 
     </span>
     <span class='ocr_line' id='line_1_31' title="bbox 200 1983 1995 2027; baseline 0.001 -14"><span class='ocrx_word' id='word_1_360' title='bbox 200 1983 410 2023; x_wconf 89' lang='lat' dir='ltr'>prodeuntem</span> <span class='ocrx_word' id='word_1_361' title='bbox 431 1989 620 2024; x_wconf 81' lang='lat' dir='ltr'>amputasse</span> <span class='ocrx_word' id='word_1_362' title='bbox 635 1996 643 2024; x_wconf 83' lang='lat'><em>3</em></span> <span class='ocrx_word' id='word_1_363' title='bbox 671 1985 855 2025; x_wconf 86' lang='lat' dir='ltr'>Sijadahum</span> <span class='ocrx_word' id='word_1_364' title='bbox 884 1991 988 2016; x_wconf 85' lang='lat' dir='ltr'>autem</span> <span class='ocrx_word' id='word_1_365' title='bbox 1017 1985 1112 2015; x_wconf 82' lang='lat' dir='ltr'>hasta</span> <span class='ocrx_word' id='word_1_366' title='bbox 1140 1986 1247 2014; x_wconf 87' lang='lat' dir='ltr'>nixum</span> <span class='ocrx_word' id='word_1_367' title='bbox 1276 1993 1312 2013; x_wconf 91' lang='lat' dir='ltr'>se</span> <span class='ocrx_word' id='word_1_368' title='bbox 1340 1983 1447 2025; x_wconf 85' lang='lat' dir='ltr'>gladio</span> <span class='ocrx_word' id='word_1_369' title='bbox 1474 1984 1670 2027; x_wconf 77' lang='lat' dir='ltr'>defendisse,</span> <span class='ocrx_word' id='word_1_370' title='bbox 1698 1985 1801 2016; x_wconf 87' lang='lat' dir='ltr'>donec</span> <span class='ocrx_word' id='word_1_371' title='bbox 1819 1985 1995 2016; x_wconf 85' lang='lat' dir='ltr'>nodbahus</span> 
     </span>
     <span class='ocr_line' id='line_1_32' title="bbox 199 2046 1995 2088; baseline 0 -12"><span class='ocrx_word' id='word_1_372' title='bbox 199 2055 270 2076; x_wconf 89' lang='lat' dir='ltr'>eum</span> <span class='ocrx_word' id='word_1_373' title='bbox 299 2051 528 2085; x_wconf 89' lang='lat' dir='ltr'>prosterneret.</span> <span class='ocrx_word' id='word_1_374' title='bbox 582 2047 671 2076; x_wconf 78' lang='lat' dir='ltr'>Alios</span> <span class='ocrx_word' id='word_1_375' title='bbox 699 2057 843 2086; x_wconf 87' lang='lat' dir='ltr'>narrare,</span> <span class='ocrx_word' id='word_1_376' title='bbox 870 2048 1058 2088; x_wconf 86' lang='lat' dir='ltr'>Sijadahum</span> <span class='ocrx_word' id='word_1_377' title='bbox 1097 2048 1127 2076; x_wconf 89' lang='lat' dir='ltr'>in</span> <span class='ocrx_word' id='word_1_378' title='bbox 1155 2046 1355 2077; x_wconf 80' lang='lat' dir='ltr'>defende-udo</span> <span class='ocrx_word' id='word_1_379' title='bbox 1389 2056 1502 2076; x_wconf 88' lang='lat' dir='ltr'>nasum</span> <span class='ocrx_word' id='word_1_380' title='bbox 1540 2047 1684 2077; x_wconf 85' lang='lat' dir='ltr'>Hodbahi</span> <span class='ocrx_word' id='word_1_381' title='bbox 1725 2053 1913 2087; x_wconf 88' lang='lat' dir='ltr'>amputasse</span> <span class='ocrx_word' id='word_1_382' title='bbox 1940 2051 1995 2077; x_wconf 83' lang='lat' dir='ltr'>aut</span> 
     </span>
     <span class='ocr_line' id='line_1_33' title="bbox 198 2102 1989 2149; baseline -0.001 -11"><span class='ocrx_word' id='word_1_383' title='bbox 198 2118 270 2138; x_wconf 90' lang='lat' dir='ltr'>eum</span> <span class='ocrx_word' id='word_1_384' title='bbox 284 2107 423 2138; x_wconf 87' lang='lat' dir='ltr'>brachiis</span> <span class='ocrx_word' id='word_1_385' title='bbox 437 2108 678 2146; x_wconf 86' lang='lat' dir='ltr'>amplectentem</span> <span class='ocrx_word' id='word_1_386' title='bbox 693 2117 802 2139; x_wconf 87' lang='lat' dir='ltr'>nasum</span> <span class='ocrx_word' id='word_1_387' title='bbox 818 2119 925 2140; x_wconf 91' lang='lat' dir='ltr'>morsu</span> <span class='ocrx_word' id='word_1_388' title='bbox 946 2110 1160 2148; x_wconf 83' lang='lat' dir='ltr'>exstirpasse.</span> <span class='ocrx_word' id='word_1_389' title='bbox 1189 2108 1292 2146; x_wconf 86' lang='lat' dir='ltr'>Quem</span> <span class='ocrx_word' id='word_1_390' title='bbox 1313 2117 1407 2147; x_wconf 88' lang='lat' dir='ltr'>quum</span> <span class='ocrx_word' id='word_1_391' title='bbox 1428 2109 1471 2138; x_wconf 84' lang='lat' dir='ltr'>ita</span> <span class='ocrx_word' id='word_1_392' title='bbox 1490 2111 1744 2149; x_wconf 84' lang='lat' dir='ltr'>percussissent,</span> <span class='ocrx_word' id='word_1_393' title='bbox 1763 2105 1833 2147; x_wconf 70' lang='lat' dir='ltr'>(p.</span> <span class='ocrx_word' id='word_1_394' title='bbox 1856 2102 1989 2146; x_wconf 70' lang='lat'>235.)</span> 
     </span>
     <span class='ocr_line' id='line_1_34' title="bbox 199 2169 1994 2212; baseline -0.001 -12"><span class='ocrx_word' id='word_1_395' title='bbox 199 2174 235 2200; x_wconf 89' lang='lat' dir='ltr'>ut</span> <span class='ocrx_word' id='word_1_396' title='bbox 261 2178 332 2199; x_wconf 90' lang='lat' dir='ltr'>eum</span> <span class='ocrx_word' id='word_1_397' title='bbox 361 2169 504 2199; x_wconf 88' lang='lat' dir='ltr'>occisum</span> <span class='ocrx_word' id='word_1_398' title='bbox 530 2174 694 2208; x_wconf 86' lang='lat' dir='ltr'>putarent,</span> <span class='ocrx_word' id='word_1_399' title='bbox 731 2179 787 2200; x_wconf 88' lang='lat' dir='ltr'>eos</span> <span class='ocrx_word' id='word_1_400' title='bbox 813 2170 852 2200; x_wconf 86' lang='lat' dir='ltr'>ad</span> <span class='ocrx_word' id='word_1_401' title='bbox 880 2171 1004 2201; x_wconf 89' lang='lat' dir='ltr'>domum</span> <span class='ocrx_word' id='word_1_402' title='bbox 1031 2170 1153 2200; x_wconf 86' lang='lat' dir='ltr'>Adrahi</span> <span class='ocrx_word' id='word_1_403' title='bbox 1164 2194 1175 2212; x_wconf 82' lang='lat'>,</span> <span class='ocrx_word' id='word_1_404' title='bbox 1208 2170 1316 2199; x_wconf 87' lang='lat' dir='ltr'>fratris</span> <span class='ocrx_word' id='word_1_405' title='bbox 1344 2170 1485 2209; x_wconf 87' lang='lat' dir='ltr'>Sijadahi</span> <span class='ocrx_word' id='word_1_406' title='bbox 1512 2171 1614 2201; x_wconf 83' lang='lat' dir='ltr'>ivisse</span> <span class='ocrx_word' id='word_1_407' title='bbox 1625 2193 1636 2212; x_wconf 84' lang='lat'>,</span> <span class='ocrx_word' id='word_1_408' title='bbox 1679 2173 1731 2210; x_wconf 89' lang='lat' dir='ltr'>qui</span> <span class='ocrx_word' id='word_1_409' title='bbox 1756 2176 1894 2201; x_wconf 80' lang='lat' dir='ltr'>vocatus</span> <span class='ocrx_word' id='word_1_410' title='bbox 1923 2179 1994 2200; x_wconf 92' lang='lat' dir='ltr'>eum</span> 
     </span>
     <span class='ocr_line' id='line_1_35' title="bbox 197 2231 1992 2274; baseline -0.001 -11"><span class='ocrx_word' id='word_1_411' title='bbox 197 2233 234 2263; x_wconf 90' lang='lat' dir='ltr'>iis</span> <span class='ocrx_word' id='word_1_412' title='bbox 262 2232 371 2262; x_wconf 83' lang='lat' dir='ltr'>verbis</span> <span class='ocrx_word' id='word_1_413' title='bbox 399 2231 602 2261; x_wconf 84' lang='lat' dir='ltr'>conflictatus</span> <span class='ocrx_word' id='word_1_414' title='bbox 629 2233 682 2261; x_wconf 87' lang='lat' dir='ltr'>sit.</span> <span class='ocrx_word' id='word_1_415' title='bbox 720 2233 864 2263; x_wconf 84' lang='lat' dir='ltr'>Uxorem</span> <span class='ocrx_word' id='word_1_416' title='bbox 892 2235 963 2263; x_wconf 91' lang='lat' dir='ltr'>eius</span> <span class='ocrx_word' id='word_1_417' title='bbox 990 2238 1109 2273; x_wconf 80' lang='lat' dir='ltr'>autem,</span> <span class='ocrx_word' id='word_1_418' title='bbox 1136 2242 1243 2272; x_wconf 87' lang='lat' dir='ltr'>quum,</span> <span class='ocrx_word' id='word_1_419' title='bbox 1271 2231 1348 2262; x_wconf 89' lang='lat' dir='ltr'>alios</span> <span class='ocrx_word' id='word_1_420' title='bbox 1376 2232 1445 2262; x_wconf 90' lang='lat' dir='ltr'>eius</span> <span class='ocrx_word' id='word_1_421' title='bbox 1471 2235 1615 2274; x_wconf 85' lang='lat' dir='ltr'>vestigia</span> <span class='ocrx_word' id='word_1_422' title='bbox 1643 2234 1745 2274; x_wconf 78' lang='lat' dir='ltr'>sequi,</span> <span class='ocrx_word' id='word_1_423' title='bbox 1774 2233 1992 2274; x_wconf 79' lang='lat' dir='ltr'>cognovisset,</span> 
     </span>
    </p>
   </div>
   <div class='ocr_carea' id='block_1_3' title="bbox 219 2314 1987 2394">
    <p class='ocr_par' dir='ltr' id='par_1_3' title="bbox 219 2314 1987 2394">
     <span class='ocr_line' id='line_1_36' title="bbox 219 2314 1987 2348; baseline -0.003 -8"><span class='ocrx_word' id='word_1_424' title='bbox 219 2315 250 2348; x_wconf 82' lang='lat'>1)</span> <span class='ocrx_word' id='word_1_425' title='bbox 269 2316 370 2339; x_wconf 81' lang='lat' dir='ltr'>Bellum</span> <span class='ocrx_word' id='word_1_426' title='bbox 388 2321 446 2338; x_wconf 90' lang='lat' dir='ltr'>cum</span> <span class='ocrx_word' id='word_1_427' title='bbox 466 2322 581 2344; x_wconf 74' lang='lat' dir='ltr'>persona</span> <span class='ocrx_word' id='word_1_428' title='bbox 598 2320 778 2346; x_wconf 68' lang='lat' dir='ltr'>comparaturi.</span> <span class='ocrx_word' id='word_1_429' title='bbox 798 2321 856 2348; x_wconf 79' lang='lat' dir='ltr'>est,</span> <span class='ocrx_word' id='word_1_430' title='bbox 884 2324 951 2348; x_wconf 76' lang='lat' dir='ltr'>quae</span> <span class='ocrx_word' id='word_1_431' title='bbox 977 2317 1097 2342; x_wconf 81' lang='lat' dir='ltr'>camelae</span> <span class='ocrx_word' id='word_1_432' title='bbox 1116 2316 1231 2340; x_wconf 80' lang='lat' dir='ltr'>difficilis</span> <span class='ocrx_word' id='word_1_433' title='bbox 1258 2319 1283 2340; x_wconf 88' lang='lat' dir='ltr'>et</span> <span class='ocrx_word' id='word_1_434' title='bbox 1310 2317 1354 2340; x_wconf 86' lang='lat' dir='ltr'>lac</span> <span class='ocrx_word' id='word_1_435' title='bbox 1382 2316 1522 2340; x_wconf 82' lang='lat' dir='ltr'>retinentis</span> <span class='ocrx_word' id='word_1_436' title='bbox 1551 2317 1636 2339; x_wconf 78' lang='lat' dir='ltr'>femur</span> <span class='ocrx_word' id='word_1_437' title='bbox 1664 2315 1784 2338; x_wconf 80' lang='lat' dir='ltr'>funiculo</span> <span class='ocrx_word' id='word_1_438' title='bbox 1803 2314 1869 2344; x_wconf 67' lang='lat' dir='ltr'>ligat</span> <span class='ocrx_word' id='word_1_439' title='bbox 1888 2318 1911 2336; x_wconf 77' lang='lat' dir='ltr'>et</span> <span class='ocrx_word' id='word_1_440' title='bbox 1933 2316 1987 2336; x_wconf 87' lang='lat' dir='ltr'>tum</span> 
     </span>
     <span class='ocr_line' id='line_1_37' title="bbox 267 2358 1966 2394; baseline -0.003 -9"><span class='ocrx_word' id='word_1_441' title='bbox 267 2362 389 2393; x_wconf 81' lang='lat' dir='ltr'>mulgens</span> <span class='ocrx_word' id='word_1_442' title='bbox 408 2368 534 2385; x_wconf 74' lang='lat' dir='ltr'>mammas</span> <span class='ocrx_word' id='word_1_443' title='bbox 553 2362 672 2392; x_wconf 81' lang='lat' dir='ltr'>stringit.</span> <span class='ocrx_word' id='word_1_444' title='bbox 709 2364 859 2387; x_wconf 79' lang='lat' dir='ltr'>Verborum</span> <span class='ocrx_word' id='word_1_445' title='bbox 878 2371 974 2388; x_wconf 83' lang='lat' dir='ltr'>sensus</span> <span class='ocrx_word' id='word_1_446' title='bbox 992 2367 1041 2394; x_wconf 79' lang='lat' dir='ltr'>est,</span> <span class='ocrx_word' id='word_1_447' title='bbox 1061 2369 1118 2386; x_wconf 87' lang='lat' dir='ltr'>eum</span> <span class='ocrx_word' id='word_1_448' title='bbox 1137 2367 1273 2386; x_wconf 83' lang='lat' dir='ltr'>strenuum</span> <span class='ocrx_word' id='word_1_449' title='bbox 1292 2368 1345 2386; x_wconf 87' lang='lat' dir='ltr'>nou</span> <span class='ocrx_word' id='word_1_450' title='bbox 1365 2369 1435 2393; x_wconf 75' lang='lat' dir='ltr'>esse,</span> <span class='ocrx_word' id='word_1_451' title='bbox 1456 2362 1500 2392; x_wconf 86' lang='lat' dir='ltr'>qui</span> <span class='ocrx_word' id='word_1_452' title='bbox 1520 2361 1545 2384; x_wconf 78' lang='lat' dir='ltr'>vi</span> <span class='ocrx_word' id='word_1_453' title='bbox 1566 2366 1591 2384; x_wconf 83' lang='lat' dir='ltr'>et</span> <span class='ocrx_word' id='word_1_454' title='bbox 1612 2361 1754 2384; x_wconf 74' lang='lat' dir='ltr'>violentiae</span> <span class='ocrx_word' id='word_1_455' title='bbox 1773 2366 1800 2382; x_wconf 82' lang='lat' dir='ltr'>se</span> <span class='ocrx_word' id='word_1_456' title='bbox 1817 2358 1966 2381; x_wconf 78' lang='lat' dir='ltr'>submittat.</span> 
     </span>
    </p>
   </div>
   <div class='ocr_carea' id='block_1_4' title="bbox 216 2410 1986 2476">
    <p class='ocr_par' dir='ltr' id='par_1_4' title="bbox 216 2410 1986 2476">
     <span class='ocr_line' id='line_1_38' title="bbox 216 2410 1986 2476; baseline -0.006 -18"><span class='ocrx_word' id='word_1_457' title='bbox 216 2427 250 2458; x_wconf 70' lang='grc'>2)</span> <span class='ocrx_word' id='word_1_458' title='bbox 268 2429 298 2452; x_wconf 79' lang='grc' dir='ltr'>ΙΙΙ</span> <span class='ocrx_word' id='word_1_459' title='bbox 316 2425 453 2458; x_wconf 78' lang='lat' dir='ltr'>Djeuharii</span> <span class='ocrx_word' id='word_1_460' title='bbox 467 2428 559 2451; x_wconf 86' lang='lat' dir='ltr'>codice</span> <span class='ocrx_word' id='word_1_461' title='bbox 572 2429 620 2451; x_wconf 83' lang='lat' dir='ltr'>sub</span> <span class='ocrx_word' id='word_1_462' title='bbox 633 2429 721 2452; x_wconf 80' lang='lat' dir='ltr'>radice</span> <span class='ocrx_word' id='word_1_463' title='bbox 746 2426 814 2473; x_wconf 46' lang='lat' dir='ltr'>&amp;kt</span> <span class='ocrx_word' id='word_1_464' title='bbox 839 2410 929 2469; x_wconf 50' lang='grc' dir='ltr'>35.ὣὶ</span> <span class='ocrx_word' id='word_1_465' title='bbox 947 2424 1062 2476; x_wconf 44' lang='lat' dir='ltr'>&amp;bix-‚52</span> <span class='ocrx_word' id='word_1_466' title='bbox 1079 2437 1139 2472; x_wconf 65' lang='lat'>5⁴⁵⁸</span> <span class='ocrx_word' id='word_1_467' title='bbox 1157 2421 1233 2452; x_wconf 57' lang='lat' dir='ltr'>:Uilli</span> <span class='ocrx_word' id='word_1_468' title='bbox 1253 2429 1360 2452; x_wconf 75' lang='lat' dir='ltr'>»Bonus</span> <span class='ocrx_word' id='word_1_469' title='bbox 1377 2428 1404 2452; x_wconf 86' lang='lat' dir='ltr'>in</span> <span class='ocrx_word' id='word_1_470' title='bbox 1419 2435 1545 2458; x_wconf 82' lang='lat' dir='ltr'>occursu,</span> <span class='ocrx_word' id='word_1_471' title='bbox 1564 2430 1692 2451; x_wconf 76' lang='lat' dir='ltr'>constans</span> <span class='ocrx_word' id='word_1_472' title='bbox 1708 2426 1733 2449; x_wconf 86' lang='lat' dir='ltr'>in</span> <span class='ocrx_word' id='word_1_473' title='bbox 1753 2431 1858 2455; x_wconf 76' lang='lat' dir='ltr'>pugna«</span> <span class='ocrx_word' id='word_1_474' title='bbox 1878 2424 1986 2455; x_wconf 79' lang='lat' dir='ltr'>legitur.</span> 
     </span>
    </p>
   </div>
   <div class='ocr_carea' id='block_1_5' title="bbox 266 2491 1986 2547">
    <p class='ocr_par' dir='ltr' id='par_1_5' title="bbox 266 2491 1986 2547">
     <span class='ocr_line' id='line_1_39' title="bbox 266 2491 1986 2547; baseline 0.002 -20"><span class='ocrx_word' id='word_1_475' title='bbox 266 2504 354 2528; x_wconf 76' lang='lat' dir='ltr'>Verba</span> <span class='ocrx_word' id='word_1_476' title='bbox 364 2491 457 2544; x_wconf 42' lang='lat'>5335!</span> <span class='ocrx_word' id='word_1_477' title='bbox 472 2495 586 2547; x_wconf 52' lang='lat' dir='ltr'>fitilla-ib</span> <span class='ocrx_word' id='word_1_478' title='bbox 598 2502 656 2542; x_wconf 54' lang='lat'>543²</span> <span class='ocrx_word' id='word_1_479' title='bbox 673 2504 784 2528; x_wconf 77' lang='lat' dir='ltr'>eundem</span> <span class='ocrx_word' id='word_1_480' title='bbox 803 2512 909 2529; x_wconf 85' lang='lat' dir='ltr'>sensum</span> <span class='ocrx_word' id='word_1_481' title='bbox 927 2506 1054 2536; x_wconf 78' lang='lat' dir='ltr'>offerunt,</span> <span class='ocrx_word' id='word_1_482' title='bbox 1073 2513 1150 2536; x_wconf 82' lang='lat' dir='ltr'>quam</span> <span class='ocrx_word' id='word_1_483' title='bbox 1170 2507 1252 2530; x_wconf 79' lang='lat' dir='ltr'>verba</span> <span class='ocrx_word' id='word_1_484' title='bbox 1264 2497 1357 2545; x_wconf 62' lang='grc' dir='ltr'>)ὠο”ιῖἷ</span> <span class='ocrx_word' id='word_1_485' title='bbox 1370 2511 1448 2535; x_wconf 53' lang='lat' dir='ltr'>wa</span> <span class='ocrx_word' id='word_1_486' title='bbox 1467 2504 1493 2527; x_wconf 82' lang='lat' dir='ltr'>in</span> <span class='ocrx_word' id='word_1_487' title='bbox 1513 2502 1687 2527; x_wconf 67' lang='lat' dir='ltr'>Feruzabadii</span> <span class='ocrx_word' id='word_1_488' title='bbox 1705 2505 1731 2526; x_wconf 68' lang='grc' dir='ltr'>Θῐ</span> <span class='ocrx_word' id='word_1_489' title='bbox 1751 2499 1887 2532; x_wconf 64' lang='lat' dir='ltr'>Djeuhffl&#39;fi</span> <span class='ocrx_word' id='word_1_490' title='bbox 1906 2505 1986 2530; x_wconf 52' lang='grc' dir='ltr'>0991·ε</span> 
     </span>
    </p>
   </div>
   <div class='ocr_carea' id='block_1_6' title="bbox 264 2551 1116 2588">
    <p class='ocr_par' dir='ltr' id='par_1_6' title="bbox 264 2551 1116 2588">
     <span class='ocr_line' id='line_1_40' title="bbox 264 2551 1116 2588; baseline 0.007 -12"><span class='ocrx_word' id='word_1_491' title='bbox 264 2552 408 2583; x_wconf 82' lang='lat' dir='ltr'>explicata.</span> <span class='ocrx_word' id='word_1_492' title='bbox 442 2551 580 2583; x_wconf 74' lang='lat' dir='ltr'>Djeuharii</span> <span class='ocrx_word' id='word_1_493' title='bbox 599 2554 703 2585; x_wconf 69' lang='lat' dir='ltr'>legendi</span> <span class='ocrx_word' id='word_1_494' title='bbox 722 2556 827 2579; x_wconf 86' lang='lat' dir='ltr'>modum</span> <span class='ocrx_word' id='word_1_495' title='bbox 844 2561 945 2581; x_wconf 83' lang='lat' dir='ltr'>rectum</span> <span class='ocrx_word' id='word_1_496' title='bbox 964 2564 1023 2582; x_wconf 84' lang='lat' dir='ltr'>esse</span> <span class='ocrx_word' id='word_1_497' title='bbox 1041 2561 1116 2588; x_wconf 76' lang='lat' dir='ltr'>puto.</span> 
     </span>
    </p>
   </div>
  </div>
 </body>
</html>
