2247 2865
1001 114 1273 155 -614—‘

246 229 278 257 2.
302 228 353 261 [Is
367 228 472 258 sciat),
482 224 567 263 filiae
578 223 751 253 Hithtlmni
761 223 786 252 b.
797 222 877 251 Kais
890 222 999 250 domus
1014 230 1097 260 esse,
1119 221 1239 249 similes
1255 221 1328 250 libri
1337 221 1436 258 titulo,
1462 231 1551 259 quem
1566 223 1672 251 scriba
1692 224 1725 251 in
1747 223 1859 253 charta
1873 224 2032 262 eleyaezler
2054 205 2056 209 Ι

1061 276 1218 312 emararil,

347 349 409 379 Hic
435 356 553 378 versus
582 356 651 376 cum
679 345 782 385 priore
809 344 853 374 ita
872 344 1036 383 cohaeret,
1064 347 1098 371 ut
1126 341 1303 381 propositio
1330 342 1384 382 sit,
1412 351 1492 381 quae
1519 342 1728 373 conditionem
1749 344 1904 384 sequitur.
1931 345 2036 375 Scho-

250 412 362 442 nastes
389 398 473 458 “j-3³
499 408 597 449 *Hb-'³
625 417 679 448 pro
707 403 812 454 ..tofi-‘dl
840 403 937 446 rbi>
965 404 1044 435 dixit
1079 404 1162 435 conf.
1192 403 1302 435 Gram.
1331 404 1388 434 Ar.
1416 405 1452 434 Τ.
1480 406 1519 434 11.
1548 415 1576 444 p.
1605 406 1688 444 597,
1722 416 1792 436 nam
1820 408 2037 446 propositione
2071 419 2081 422 ‘

248 480 312 506 tam
340 474 370 504 id
399 473 480 513 quod
500 470 698 513 grammatici
726 469 842 511 agab?,
869 478 962 507 quam
992 468 1020 498 id
1049 468 1134 508 quod
1160 467 1237 515 xij>
1264 468 1444 507 appellant,
1471 472 1651 499 continetur
1679 469 1750 498 ibid.
1779 479 1808 508 p.
1837 471 1918 500 571.
1969 471 2036 501 Sed

249 536 415 567 Mersukio
443 534 549 564 dicere
575 521 657 579 2535
686 531 784 572 sibi>
811 536 988 561 consuetus
1025 531 1173 571 loquendi
1209 531 1320 561 modus
1351 536 1411 561 est.
1465 532 1596 570 Ellipsis
1625 535 1730 562 autem
1767 533 1846 562 inter
1872 538 2038 573 utrumque

250 581 382 629 versum
408 596 580 627 statuenda
607 601 670 636 est,
696 606 766 626 nam
794 596 893 625 verba
920 593 1011 632 isi-{3315
1039 599 1099 624 etc.
1127 593 1211 623 haud
1237 594 1318 623 bene
1347 603 1416 623 cum
1445 594 1549 633 priore
1578 604 1677 624 versu
1702 595 1889 634 cohaerent,
1918 596 2037 635 ellipsis

251 661 441 691 verborum:
472 659 499 687 is
527 659 620 698 sciat,
649 666 685 687 se
712 667 730 687 a
758 668 805 688 nie
831 659 891 688 hac
918 659 947 687 in
975 668 1009 688 re
1035 657 1192 696 superari,
1221 666 1291 686 nam
1321 656 1405 686 filiae
1432 655 1597 685 Hiththani
1625 660 1686 685 etc.
1740 657 1888 697 Vestigia
1915 657 2039 699 domus,

251 732 343 763 quam
369 727 472 752 amata
498 722 679 761 reliquerat,
705 720 867 750 describit.
919 721 1039 750 Similia
1068 725 1143 750 sunt
1170 720 1343 758 scripturae
1370 719 1519 760 eleganti.
1572 719 1738 759 Elegantis
1767 724 1874 749 autem
1896 720 2038 759 scriptu-

252 796 305 815 rae
333 785 525 814 mentionem
553 783 672 813 fecisse
699 783 848 823 videtur,
877 787 909 813 ut
935 784 1032 813 strias
1062 788 1176 812 tenues
1204 792 1280 811 esse
1310 782 1437 812 indicet.
1491 781 1582 810 Initio
1610 789 1738 820 quoque
1765 781 1832 810 libri
1858 787 1914 811 aut
1941 783 1970 811 in
1999 783 2040 812 ti-

253 850 317 879 tulo
347 847 511 887 pulchrius
540 855 674 876 exarare
702 846 804 875 scriba
833 846 927 875 solet.
955 847 1075 876 Domus
1103 846 1244 885 vestigia
1263 854 1332 873 curn
1349 844 1510 883 scriptura
1527 843 1668 872 Lebidus
1684 852 1808 882 quoque
1824 844 1872 881 (in
1886 845 2038 876 Moallak.

252 922 284 941 v.
306 907 355 952 8.)
382 908 591 948 comparavit.
645 907 720 937 Vox
745 904 829 953 &juxa
855 907 1091 936 Nunnationem
1118 907 1156 936 ob
1184 911 1314 936 metrum
1343 908 1476 946 accepit,
1507 906 1558 935 cui
1584 905 1685 935 verba
1711 906 1788 935 »2024ss
1817 903 1942 936 Mete.
1970 907 2041 938 loco

253 974 402 1005 adiectivi
431 976 515 1001 sunt.
569 971 689 1000 Poetae
716 975 822 999 autem
850 969 1015 999 dicendum
1042 970 1120 1000 fuit:
1158 970 1246 1008 „gisl-5
1277 971 1343 998 adi-5
1370 967 1487 1014 ὁρας
1518 969 1619 998 „sicut
1647 968 1779 1008 titulus,
1815 977 1907 1007 quem
1938 971 2042 1001 scriba

254 1037 434 1066 exaravit.«
489 1034 577 1062 Loco
606 1033 695 1062 vocis
723 1029 840 1076 052³*ss
868 1031 982 1071 legitur
1008 1029 1124 1076 0³¹²³²5⁵
1154 1037 1184 1062 et
1209 1030 1322 1077 0531*ss
1351 1042 1421 1061 cum
1451 1030 1563 1060 eadem
1589 1029 1833 1070 significatione..

253 1135 285 1164 3.
318 1134 358 1162 In
387 1132 499 1170 quibus
524 1130 608 1168 pulli
633 1128 960 1158 strumiocamelorum
989 1129 1152 1160 incedunt,
1186 1131 1287 1157 servis
1315 1131 1449 1161 sfmiles,
1483 1137 1562 1166 quae
1592 1127 1679 1163 liqna
1703 1126 1884 1163 collc'yenles
1913 1129 2044 1165 vespera?

1040 1183 1252 1219 impelluntur.

353 1257 522 1286 Domorum
551 1252 677 1293 vesigia
706 1251 854 1282 describit
880 1255 1027 1291 tanquam
1056 1253 1180 1281 omnino
1209 1252 1357 1291 deserta,
1396 1256 1428 1281 ut
1464 1251 1713 1281 struthiocameli
1745 1250 1819 1290 pulli
1847 1251 1886 1280 ibi
1913 1250 2042 1292 degant.

256 1323 298 1352 Et
325 1322 355 1350 in
382 1319 543 1349 Moallaka
570 1316 681 1346 Lebidi
708 1315 908 1345 struthiones
934 1314 974 1343 ibi
1002 1323 1065 1344 ova
1092 1315 1253 1354 deponunt
1281 1326 1311 1344 v.
1342 1316 1373 1345 6.
1426 1316 1714 1345 struthiocamelus
1740 1315 1908 1354 pavidum,
1944 1315 2043 1357 fugax

258 1390 291 1415 et
321 1388 448 1414 cautum
477 1380 590 1410 animal
617 1384 689 1417 est,
732 1383 766 1408 ut
793 1379 822 1407 in
851 1378 1051 1417 proverbium
1079 1380 1207 1408 venerit
1247 1387 1321 1408 con
1334 1378 1353 1407 f.
1382 1378 1479 1408 Meid.
1510 1379 1550 1419 5,
1584 1379 1663 1408 161.
1692 1379 1733 1416 6,
1765 1378 1842 1408 189.
1876 1378 1935 1420 13,
1969 1378 2044 1409 137.

260 1447 308 1476 De
334 1441 594 1474 struthiocamelo
631 1441 736 1471 conf.
766 1440 904 1470 Bochart
941 1439 1146 1469 hierozoicon
1174 1440 1208 1470 P.
1235 1441 1271 1469 ΙΙ.
1301 1450 1329 1479 p.
1358 1440 1428 1470 223
1458 1451 1507 1480 sq.
1537 1446 1568 1470 et
1596 1452 1625 1480 p.
1655 1442 1735 1470 248.
1777 1441 1941 1471 Oedmann
1967 1452 2044 1472 ver-

258 1508 394 1539 mischte
420 1505 646 1545 Sarnnilungen
674 1514 732 1534 aus
758 1504 786 1533 d.
814 1502 1026 1534 Naturkunde
1055 1503 1086 1532 6.
1114 1502 1203 1532 Hesi.
1256 1503 1288 1531 In
1318 1503 1396 1532 locis
1424 1503 1517 1543 igitur
1544 1503 1681 1533 desertis
1709 1508 1741 1533 et
1767 1503 1879 1533 incolis
1907 1504 2046 1534 destitu-

259 1572 301 1600 tis
330 1570 448 1610 degere
476 1567 591 1596 solent.
644 1566 754 1596 Pullus
782 1576 909 1606 quoque
944 1566 1089 1605 pavidior
1116 1575 1191 1595 esse
1218 1565 1322 1605 solet3
1361 1565 1417 1595 sed
1452 1565 1577 1594 silentio
1607 1565 1871 1604 praetereundum
1899 1576 1959 1595 non
1986 1571 2046 1608 est,

261 1638 387 1673 poetam
413 1641 525 1661 vocem
552 1627 624 1670 ⁸52>
652 1630 846 1670 adhibuisse,
873 1639 953 1668 quae
981 1630 1010 1658 in
1040 1629 1181 1669 camelis,
1209 1638 1290 1668 quae
1319 1628 1451 1658 nondum
1473 1634 1699 1667 conceperunt,
1730 1628 1869 1658 adhibita
1887 1629 2046 1660 struthio-

262 1696 395 1726 camelis
424 1694 525 1723 minus
554 1702 698 1733 congrua
725 1692 862 1721 videtur.
914 1691 1251 1722 struthiocamelorum
1289 1691 1391 1729 pullos
1426 1691 1465 1720 ibi
1501 1690 1687 1720 incedentes
1724 1700 1792 1720 curn
1829 1691 1935 1720 servis
1962 1691 2048 1732 ligna

263 1756 501 1797 collige11tibuS‚
526 1763 605 1793 quae
620 1754 761 1792 vespera
789 1753 999 1793 impelluntur,
1027 1753 1238 1792 comparavit.
1293 1751 1503 1790 Comparandi
1532 1751 1642 1781 modus
1670 1753 1699 1780 in
1727 1761 1765 1780 eo
1793 1752 1867 1781 mihi
1894 1761 1970 1781 esse
1994 1753 2046 1782 vi·-

262 1821 374 1860 deiur,
414 1818 498 1857 qnod
531 1816 861 1845 struthiocamelorum
897 1817 973 1855 pulli
1009 1817 1076 1845 alas
1108 1815 1199 1855 paulo
1236 1815 1414 1844 demittunt.
1467 1815 1563 1844 Hisce
1592 1815 1686 1854 igitur
1715 1814 1863 1844 demissis
1892 1815 2048 1856 lignorum

267 1883 383 1921 fasces,
415 1889 493 1919 qnos
520 1880 549 1908 in
581 1882 712 1917 utroque
743 1879 842 1907 latere
870 1887 986 1908 servae
1014 1883 1152 1917 portant,
1180 1879 1298 1908 similes
1312 1882 1406 1910 sunt:
1437 1877 1507 1917 sed,
1535 1882 1569 1906 ut
1590 1877 1782 1916 comparatio
1802 1887 1842 1906 ex
1859 1880 1942 1908 omni
1957 1883 2048 1917 parte

264 1949 337 1983 apta
365 1944 417 1981 sit,
445 1940 698 1972 struthiocameli
725 1950 819 1979 quum
848 1941 889 1969 nil
917 1941 1059 1979 timeant,
1084 1942 1167 1970 lente
1194 1940 1352 1977 incedunt,
1379 1940 1463 1969 sicut
1488 1949 1605 1969 servae
1633 1949 1729 1969 onere
1761 1940 1928 1981 fatigatae,
1955 1950 2047 1982 quae,

267 2011 299 2037 ut
325 2006 492 2043 festinent,
520 2005 558 2034 ab
585 2004 654 2034 aliis
680 2004 890 2042 impelluntur.
920 2004 1122 2035 Scholiastes
1149 2003 1272 2042 quidem
1303 2002 1385 2042 dicit,
1417 2011 1478 2031 non
1505 2011 1592 2040 esse,
1627 2002 1677 2040 qui
1706 2012 1762 2031 eas
1790 2003 1942 2043 impellat,
1971 2013 2048 2033 sese

265 2062 332 2105 (fl).
357 2060 491 2102 315.)
518 2067 618 2106 ipsaS,
646 2076 741 2105 quum
768 2066 922 2106 fatigatae
950 2067 1024 2106 sint,
1053 2066 1224 2105 impellere.
1276 2064 1342 2094 Sed
1370 2074 1464 2104 quum
1492 2066 1533 2094 nil
1567 2065 1597 2094 in
1625 2075 1724 2094 versu
1750 2065 1830 2095 hunc
1857 2065 2051 2106 intelligendi

268 2130 394 2162 modum
423 2129 576 2169 postulet,
605 2129 696 2158 alium
722 2128 874 2167 quendam
901 2128 972 2157 illas
1000 2131 1189 2157 cunctantes
1217 2131 1248 2156 et
1276 2127 1359 2156 lente
1387 2126 1583 2167 incedentes,
1623 2136 1716 2167 quum
1744 2127 1862 2167 lignum
1892 2136 1971 2166 opus
1999 2129 2048 2167 sit,

268 2204 322 2224 eas
351 2194 389 2223 ad
417 2191 629 2222 festinandum
666 2191 828 2230 impellere
864 2196 940 2230 puto
979 2189 1087 2220 conf.
1116 2190 1225 2218 Antar.
1254 2188 1361 2218 Moall.
1392 2198 1423 2217 v.
1452 2188 1508 2219 43.
1547 2193 1579 2217 et
1606 2188 1718 2218 Reisk.
1754 2188 1874 2218 adnott.
1908 2188 1947 2219 ad
1982 2190 2048 2219 Τει-

267 2255 354 2295 raph.
383 2265 412 2294 p.
437 2254 494 2284 93.

269 2353 300 2382 4.
329 2351 359 2380 F
359 2352 427 2380 lens
451 2352 494 2379 ibi
513 2352 586 2378 sleli
606 2351 754 2378 interiore
771 2349 871 2387 febris
894 2350 1006 2378 ardore
1029 2351 1202 2384 curremus,
1226 2350 1310 2376 sicut
1332 2347 1482 2376 Chaiburi
1498 2347 1586 2385 febre
1602 2349 1777 2383 cor-replum
1794 2349 1907 2374 tremor
1923 2346 2049 2374 invadit.

370 2422 548 2450 Moerorem
580 2429 671 2449 suum
708 2417 867 2449 describit.
920 2417 1050 2447 Rudera
1083 2419 1136 2447 illa
1171 2417 1373 2455 conspiciens
1409 2415 1568 2455 lacrymas
1604 2415 1739 2444 retinere
1779 2424 1839 2444 non
1876 2418 1983 2453 potest
2019 2420 2050 2444 et

274 2488 410 2512 tremore
438 2482 613 2521 corripitur.
667 2482 707 2511 Et
741 2481 793 2510 ille
828 2485 931 2511 status
967 2490 1028 2509 non
1061 2479 1197 2516 transit3
1237 2477 1295 2506 sed
1326 2477 1428 2507 durat.
1483 2476 1616 2507 Confert
1643 2486 1715 2506 eum
1744 2476 1839 2516 igitur
1873 2484 1942 2505 cun]
1970 2475 2048 2505 febri

275 2544 494 2574 Cbaibarensi.
548 2543 686 2573 Chaibar
711 2553 825 2572 nomen
855 2541 959 2582 oppidi
987 2546 1035 2571 est
1062 2540 1147 2569 initio
1174 2539 1280 2569 Islami
1308 2549 1326 2569 a
1352 2539 1477 2569 Indaeis
1512 2539 1618 2580 gentis
1644 2537 1815 2568 Koraitsah
1849 2542 1880 2567 et
1906 2537 2049 2568 Nodhair

276 2606 420 2646 habitati,
448 2609 562 2645 postea
588 2605 617 2634 in
644 2604 761 2634 ditione
788 2604 895 2646 gentis
922 2602 1087 2642 Ahnasah,
1118 2611 1197 2642 quae
1224 2602 1261 2631 ab
1277 2602 1387 2632 Asado
1414 2602 1440 2632 b.
1468 2601 1593 2632 Rabiah
1619 2601 1770 2641 originem
1800 2600 1895 2642 ducit,
1923 2601 1960 2630 ab
1977 2601 2053 2632 urbe
