2247 2865
972 105 1217 135 -49—

197 207 276 249 ipsis
308 207 347 238 ad
376 207 548 247 principem
575 205 782 246 Nadjrani=)‚
811 207 864 245 qui
894 204 1105 235 Anba-Anah
1135 204 1301 235 'l'saketita
1329 210 1408 245 erut,
1435 205 1520 236 dedit
1549 214 1618 235 cum
1638 207 1802 237 mandato:
1830 208 1867 238 Si
1895 218 1977 249 gens

198 271 314 303 Obkail
341 275 529 312 argumento
556 278 621 299 rem
649 269 772 308 probat.
803 269 987 298 llarctsitas
1013 277 1092 308 cape
1119 274 1152 299 et
1178 270 1295 298 talione
1322 271 1396 308 puni
1423 269 1597 299 occisorem
1625 274 1811 310 utrumque,
1839 276 1872 300 et
1897 280 1977 310 quae

197 335 236 364 iis
263 334 342 374 ipsis
369 333 435 363 iure
463 332 630 371 debentur,
656 325 791 370 pertice!
821 329 926 368 Quum
951 330 990 360 ad
1017 331 1214 361 'l‘sukefitam
1243 333 1422 372 venissent,
1450 332 1544 362 dixit:
1574 331 1717 362 homines
1745 333 1783 362 ad
1809 337 1976 372 cognatum

198 408 305 432 snum.
335 397 428 428 fllium
455 395 639 434 noscimini,
668 395 721 435 qui
748 395 883 424 Meccae
910 399 973 435 est,
1001 393 1230 434 consugcrunt3
1258 396 1373 425 nuliam
1402 396 1499 436 igitur
1524 397 1553 426 in
1580 406 1638 427 eos
1656 400 1846 436 potestatem
1864 398 1976 438 babeo,

197 470 268 491 nam
295 459 334 490 nd
361 468 453 499 quem
480 468 518 488 se
546 458 758 497 contulerunt,
786 468 834 488 me
861 458 958 487 maior
985 462 1046 487 est.
1079 457 1154 487 Inde
1184 458 1278 498 igitur
1305 458 1343 487 ad
1373 458 1590 489 llescbamurn
1617 459 1788 489 redeuntes
1815 459 1977 490 dixerunt:

195 520 436 552 Mohammedes
463 520 492 550 b.
522 519 686 550 Hescbam
713 520 887 559 impedivit,
918 521 1084 559 quominus
1112 520 1150 549 ab
1178 519 1356 550 hominibus
1386 521 1432 550 ius
1462 527 1606 552 nostrum
1634 522 1866 561 obtineremus-*03
1902 527 1976 552 sunt

197 586 278 616 enini
304 585 374 615 eius
403 585 542 625 cognati.
588 583 765 623 Epis-tolum
802 582 898 623 igitur
926 583 1000 622 ipsis
1028 583 1195 620 tradidita)
1223 592 1293 612 cum
1322 582 1482 612 mandato:
1522 584 1701 614 hominibus
1733 584 1782 614 ins
1816 584 1911 614 redde
1944 590 1979 614 et

199 649 300 678 Deum
327 646 418 678 time!
448 647 658 678 Venientibus
687 650 791 677 aulem
819 645 1001 683 ommibus,
1031 646 1081 684 qni
1107 645 1272 685 sanguinis
1299 644 1466 674 vindictam
1493 645 1653 685 petebant,
1683 646 1976 676 Ebu-Hcsebamus

195 714 369 750 cognatum
396 718 490 739 sunm
522 712 553 739 et
581 708 733 748 Ablijjum
761 708 788 737 b.
818 699 965 746 Djobdob
992 712 1102 746 captos
1135 708 1164 736 in
1199 708 1329 738 vincuia
1365 709 1516 748 coniecit,
1548 708 1717 738 Obkaiiitis
1743 714 1848 738 autem
1879 708 1975 739 dixit:

194 778 417 813 argumentum
445 768 605 812 proferte!
643 773 722 802 'l'um
751 772 954 802 Kasamabus
983 771 1073 800 dixit:
1111 770 1265 810 quomodo
1293 775 1514 810 argumentum
1541 770 1630 799 nobis
1659 770 1879 809 proferendum
1907 776 1978 811 est,

192 838 227 864 et.
253 834 425 875 quomodo,
455 835 508 875 qui
533 837 745 865 testimonium
761 834 875 874 dicant,
900 835 1064 871 sistemus,
1092 842 1162 862 nam
1189 832 1378 872 sanguinem
1405 838 1546 862 nostram
1572 832 1705 862 effusam
1733 842 1808 862 esse
1836 833 1978 863 confessi

195 901 271 927 sunt.
298 902 331 927 et
355 897 547 927 carminibus
575 897 779 937 evulgarunt.
818 897 898 926 Tum
926 897 994 926 ille:
1036 894 1128 933 Quod
1155 894 1195 924 ad
1221 894 1349 924 caedem
1377 894 1508 933 attinet,
1544 904 1606 935 ego
1634 904 1689 925 eos
1719 897 1886 925 occisurus
1916 905 1976 925 non

191 969 285 994 sunu
315 959 373 989 sed
401 960 533 999 pretium
558 959 725 999 sanguinis
754 959 846 988 vobis
874 958 954 988 dabo
982 963 1011 988 et
1041 958 1206 999 sanguinis
1234 962 1367 987 vestrae
1395 962 1427 986 et
1454 967 1603 996 equorum
1622 959 1774 997 piaculum
1799 959 1977 998 perfectum

193 1020 376 1054 concedam,
403 1021 512 1050 Tertio
540 1020 637 1061 igitur
653 1020 794 1050 homines
811 1029 905 1059 quum
923 1020 1134 1050 llescbamum
1157 1019 1323 1060 adiissent,
1351 1019 1390 1049 ad
1411 1020 1494 1050 iilum
1514 1020 1564 1050 bie
1584 1018 1732 1060 scripsit:
1758 1022 1811 1050 Ne
1839 1026 1872 1051 ut
1898 1030 1976 1051 san-

189 1082 264 1123 guis
291 1083 418 1121 impune
445 1082 638 1122 effundatur,
666 1085 844 1122 permittas,
874 1092 944 1112 nam
973 1083 1112 1112 carmina
1141 1092 1203 1112 rem
1230 1087 1397 1112 narrarunt
1424 1087 1456 1112 et
1484 1083 1543 1122 ipsi
1559 1087 1669 1113 contra
1686 1093 1722 1112 se
1741 1083 1878 1113 confessi
1895 1086 1976 1113 sunt.

189 1143 484 1174 Ebu-Hescbamus
513 1145 611 1185 igitur
639 1144 679 1174 ad
707 1144 924 1174 Heschamum
949 1145 977 1174 b.
1006 1145 1281 1175 Ahbd-Almalec
1308 1146 1489 1184 rescripsit:
1531 1145 1566 1175 Si
1596 1145 1635 1174 ad
1663 1151 1694 1175 te
1721 1145 1883 1185 venerint,
1919 1154 1977 1175 eos

189 1205 229 1237 ad
260 1216 307 1237 me
334 1207 478 1246 remitte,
515 1217 585 1237 nam
616 1212 825 1247 cognatorum
854 1216 992 1237 meorum
1019 1208 1153 1247 sanguis
1181 1207 1218 1236 iis
1247 1208 1461 1245 praestantior
1489 1211 1546 1237 est.
1587 1206 1677 1245 Quos
1704 1208 1732 1236 si
1761 1208 1789 1236 in
1818 1217 1977 1237 carcerem

189 1269 398 1310 coniecerim,
425 1270 557 1309 pretium
591 1271 756 1311 sanguinis
789 1274 976 1310 accepturos
1011 1279 1116 1308 spero.
1156 1269 1268 1307 Quum
1306 1274 1409 1300 autem
1445 1276 1554 1309 quarto
1583 1272 1749 1301 venientes
1776 1273 1976 1302 lleschamus

188 1331 228 1361 ad
255 1331 338 1361 illum
359 1335 522 1362 remittere
540 1333 651 1371 veliet,
679 1333 840 1363 dixerunt:
871 1331 1165 1362 Ebu-lieschamus
1183 1341 1262 1371 erga
1275 1341 1333 1360 nos
1351 1334 1436 1361 iuste
1452 1342 1513 1361 non
1529 1338 1616 1373 aget,
1643 1343 1799 1372 nunquam
1826 1338 1931 1363 autem
1944 1335 1975 1373 ³)

190 1397 295 1422 tecum
324 1393 352 1422 in
381 1393 474 1423 fidem
508 1394 673 1432 inibimus3
705 1394 794 1423 nobis
823 1394 918 1433 igitur
938 1392 1108 1423 vindictam
1127 1394 1261 1424 debitam
1277 1390 1385 1424 sume!
1413 1396 1490 1424 Tum
1509 1396 1709 1425 llescbamus
1729 1395 1825 1426 dixit:
1854 1396 1975 1427 litteras

191 1454 286 1483 vohis
313 1453 352 1483 ad
381 1464 453 1484 eum
480 1454 582 1493 dabo,
618 1462 651 1484 ut
680 1456 780 1494 pretio
806 1455 973 1495 sanguinis
1002 1454 1073 1484 dato
1102 1460 1271 1485 contentos
1298 1466 1359 1486 vos
1388 1456 1509 1497 reddat>
1537 1466 1608 1486 nam
1637 1458 1827 1498 cognatione
1853 1468 1914 1488 sua
1940 1467 1975 1489 se

189 1515 341 1546 defendit.
384 1516 564 1546 Obkailitae
591 1523 657 1547 tum
685 1518 848 1547 dixerunt:
885 1517 1028 1556 minime,
1056 1519 1135 1557 nisi,
1171 1518 1251 1556 quod
1279 1518 1331 1547 illo
1359 1519 1514 1557 producto
1541 1518 1682 1549 homines
1708 1519 1878 1561 videbunt,
1916 1530 1974 1550 nos

189 1577 265 1608 iuris
293 1578 393 1607 nostri
422 1583 618 1617 potestatem
645 1578 807 1608 habuisse.
850 1579 930 1607 Tum
959 1582 1029 1617 post
1057 1584 1252 1617 potestatem
1280 1589 1467 1610 concessam
1502 1581 1700 1611 abstinentes
1736 1584 1869 1622 pretium
1896 1593 1975 1613 san-

188 1641 292 1680 guinis
321 1650 377 1680 pro
405 1650 442 1670 eo
472 1641 681 1680 accipiemus.
712 1641 761 1670 Ad
788 1640 1096 1670 Ebu-Hescbamnm
1124 1641 1221 1681 igitur
1248 1642 1326 1672 istas
1352 1652 1405 1672 res
1427 1644 1623 1682 perscripsit.
1653 1645 1732 1674 Tum
1752 1649 1856 1675 antem
1886 1646 1972 1674 iure-

188 1702 320 1732 iurando
338 1712 394 1733 eos
411 1704 579 1733 obstrinxit
596 1703 716 1733 dicens:
735 1712 795 1732 vos
816 1702 906 1732 fidem
921 1703 1122 1741 servabatis3
1143 1714 1205 1744 ego
1220 1705 1311 1735 vobis
1327 1706 1435 1735 caedis
1450 1707 1584 1746 pretium
1601 1707 1692 1737 dabo.
1719 1709 1763 1738 nli
1779 1709 1920 1739 fecerunt
1930 1707 1971 1749 ⁴).

188 1764 369 1794 Obkaiiitae
398 1770 502 1794 autem
521 1765 589 1794 viro
605 1775 646 1794 ex
662 1765 802 1803 ipsorum
820 1774 962 1804 numeru.
992 1765 1062 1794 aliis
1078 1766 1251 1808 incognito>
1279 1769 1402 1798 nomine
1419 1769 1563 1800 Rahmah
1579 1772 1606 1802 b.
1623 1772 1795 1802 'l'hawwas
1810 1772 1970 1804 dixerunt:

186 1828 289 1867 Prope
316 1838 335 1858 a
362 1829 449 1858 nobis
478 1829 588 1858 incede
616 1833 646 1859 et
674 1828 783 1858 eodem
814 1831 964 1867 tempore,
993 1836 1054 1865 quo
1082 1836 1140 1856 nos
1165 1828 1350 1868 (oppidum)
1379 1830 1478 1862 intra:
1506 1832 1563 1861 sed
1587 1833 1666 1867 loco,
1694 1842 1755 1872 quo
1774 1842 1833 1863 nos
1850 1834 1969 1864 dever-

185 1899 303 1930 samur,
333 1900 372 1920 ne
400 1890 594 1930 deverseris,
625 1900 727 1929 neque
755 1895 787 1919 te
816 1889 1007 1919 Olikailitam
1035 1884 1196 1928 appelles!
1225 1890 1291 1920 Sed
1320 1897 1490 1932 momenm,
1518 1902 1577 1931 quo
1605 1894 1654 1923 vir
1677 1895 1789 1936 prodit,
1817 1905 1887 1926 eum
1914 1905 1970 1926 ca—

186 1950 250 1989 pite
275 1955 384 1981 trunca
407 1957 439 1981 et
459 1957 490 1981 te
504 1951 678 1981 hominibus
695 1945 847 1980 immisce!
877 1950 1171 1980 Ebu-llescbamus
1188 1951 1373 1991 DjahFarnm
1393 1954 1420 1982 b.
1438 1954 1562 1984 Olilbah
1576 1957 1770 1987 vestimento
1787 1958 1928 1996 pretioso
1939 1959 1969 1997 ⁵)

186 2016 315 2049 tectum,
337 2001 578 2052 putcherrimu'm
594 2013 750 2043 hominem
767 2012 926 2052 produxit.
949 2012 1069 2042 Contra
1084 2012 1260 2044 Obkailitas
1274 2019 1379 2046 autem
1395 2017 1544 2048 custodes
1560 2017 1762 2058 disposuerat
1779 2021 1818 2051 ob
1838 2026 1968 2062 metum,

205 2153 233 2180 1)
255 2154 290 2177 De
310 2151 429 2184 Nndjran
449 2155 507 2177 vide
527 2155 649 2178 Abuised.
667 2151 704 2181 ‘li'⁸
741 2156 789 2179 Est
808 2156 884 2180 locus
904 2160 990 2181 terrae
1009 2156 1171 2180 lemanensis
1190 2156 1215 2179 in
1232 2156 1332 2180 ditione
1350 2159 1436 2187 gentis
1452 2159 1611 2183 Hamadsan.
1632 2162 1709 2184 Anno
1729 2159 1965 2192 decimaeuedjrae

255 2231 425 2257 expugnatus
444 2231 493 2250 est.
531 2229 622 2252 Plures
643 2234 730 2253 autem
751 2231 827 2254 huius
847 2231 960 2254 nominis
980 2231 1035 2254 loci
1052 2234 1123 2254 sunt.
1160 2232 1196 2254 De
1216 2238 1264 2255 usu
1284 2232 1359 2256 vocis
1376 2207 1418 2273 L?
1435 2226 1521 2258 conf.
1541 2236 1631 2260 Grnm.
1650 2237 1697 2260 Ar.
1717 2236 1736 2264 Ι,
1755 2237 1818 2260 668.

202 2293 234 2320 2)
254 2293 290 2316 De
308 2293 416 2321 Sacyus
435 2291 575 2322 dubitavit,
594 2298 654 2315 num
673 2286 701 2316 &J
717 2286 811 2319 „au-Ka
831 2294 928 2324 eique
947 2294 1091 2323 scripsit
1110 2294 1250 2324 legendum
1271 2298 1349 2319 esset.

200 2355 231 2386 8)
252 2353 287 2378 02
306 2356 413 2383 Sacyus
432 2353 574 2383 dubitavit,
592 2359 653 2377 num
671 2347 770 2393 535²
789 2362 857 2379 cnm
877 2362 913 2379 eo
933 2356 963 2379 in
984 2356 1086 2379 fidem
1106 2356 1274 2380 inibimus
1292 2357 1432 2388 legendum
1452 2363 1531 2382 esset.
1556 2359 1633 2391 Quod
1644 2360 1666 2383 si
1679 2363 1765 2383 textus
1785 2360 1891 2391 legendi
1903 2368 1961 2384 mo-

251 2406 301 2428 dus
322 2409 411 2429 rectus
430 2409 481 2435 est,
501 2405 540 2428 illi
560 2405 646 2429 dicere
666 2406 805 2435 videntur3
823 2407 892 2436 quod
910 2406 933 2429 si
952 2412 1023 2430 nuuc
1042 2406 1118 2430 nobis
1137 2406 1266 2431 auxilium
1284 2414 1337 2431 non
1357 2413 1488 2440 praestas,
1508 2416 1556 2433 nos
1574 2414 1668 2440 postea
1687 2410 1712 2434 in
1731 2414 1756 2433 te
1775 2410 1897 2434 fiduciam
1909 2416 1961 2434 uon

251 2457 388 2481 ponemus.

198 2504 229 2535 4)
248 2505 300 2529 Pro
318 2503 394 2537 &aab
413 2498 573 2542 legojssdb
592 2509 617 2529 et
634 2505 674 2529 sic
691 2506 722 2529 de
739 2506 855 2536 sacyus.

198 2559 230 2587 5)
249 2559 285 2583 De
303 2565 373 2583 voce
389 2561 457 2592 ja>
483 2561 570 2585 conf.
589 2562 696 2585 Hamas.
715 2568 738 2591 p.
757 2567 792 2596 ΑΙ,
