2247 2865
942 83 1208 113 —647—

180 182 464 222 vituperantium«,
491 186 523 212 ut
552 182 744 221 praepositio
772 196 815 220 0⁴
840 183 910 212 loco
938 182 1180 223 praepositionis
1207 194 1258 227 U:
1285 182 1325 212 sit
1356 183 1372 212 i.
1403 194 1428 213 e.
1460 183 1656 216 Fortitudine
1685 197 1743 218 sua
1771 188 1958 228 effecerunt,

180 249 213 275 ut
238 245 430 284 vituperatio
462 244 709 283 vituperantium
746 243 826 274 falsa
862 250 893 274 et
921 245 1061 275 dedecus
1088 245 1127 274 ab
1153 244 1190 273 iis
1219 249 1371 274 remotum
1398 251 1498 275 esset.
1552 248 1663 277 Altero
1693 255 1798 279 autem
1835 251 1959 290 legendi

180 308 269 339 modo
298 313 438 347 recepto,
468 307 601 338 eandem
628 308 795 337 verborum
823 308 1036 338 inversionem
1064 317 1139 336 esse
1166 312 1287 346 statuo,
1316 312 1347 337 ut
1376 318 1492 339 sensus
1519 311 1576 340 sit:
1608 310 1802 342 Fortitudine
1830 324 1888 343 sua
1907 313 1957 342 es-

178 372 345 411 fecerunt,
380 376 413 402 ut
440 371 591 401 absentes
619 380 636 400 e
665 380 794 411 pugna,
829 380 922 409 quum
951 376 1140 409 praesentes
1167 370 1225 400 soti
1260 370 1406 400 hostibus
1435 382 1528 410 pares
1560 379 1690 415 essent,
1725 374 1862 404 dedecus
1897 385 1958 405 non

178 434 371 475 adtingeret,
401 443 463 474 quo
491 432 649 463 dedecore
677 437 709 463 et
734 432 852 472 pudore
879 432 976 462 facies
1005 432 1115 472 nigrae
1144 437 1233 462 eraut
1259 433 1359 462 conf.
1389 434 1504 463 Coran.
1532 435 1604 466 Sur.
1633 435 1666 477 3,
1697 436 1763 466 102
1789 448 1858 477 seq.

174 543 207 572 3.
231 542 334 579 Quum
357 545 429 582 σφω’
446 543 609 582 falconum
632 544 720 571 modo
743 553 845 572 rocem
867 543 972 576 edunt,
994 542 1133 580 flayellis
1156 546 1313 572 costarum
1336 544 1538 581 carliluyines
1560 549 1751 577 armcimmm.

277 624 412 664 Equites
442 624 513 653 illos
541 628 689 663 tanquam
718 624 908 653 fortissimos
936 623 1102 665 describit,
1137 623 1246 655 dicens
1275 634 1352 666 eoS,
1388 626 1415 656 si
1444 628 1516 667 equi
1544 634 1721 669 momento,
1753 638 1812 668 quo
1839 630 1957 661 lanceis

176 687 311 717 hostium
339 687 566 723 vulnerentur,
603 695 714 716 sonum
740 692 890 727 argutum
917 686 1051 716 edentes
1078 687 1279 717 retrocedere
1313 689 1460 730 cupiant,
1496 690 1634 731 flagellis
1661 691 1700 721 ad
1727 692 1957 731 procedendum

176 749 349 788 impellere.
402 749 511 787 Equos
548 749 641 779 simili
677 749 769 778 modo
803 748 972 788 descripsit
1007 749 1208 779 Chidaschus
1242 749 1270 779 b.
1304 749 1421 780 Sohair
1455 751 1564 781 dicens
1603 756 1711 790 (metr.
1740 754 1955 793 nomitatim:

176 810 371 841 Clamant
399 810 535 848 modo,
564 819 638 849 quo
666 810 861 840 falcones
889 811 1079 851 clamant,
1118 817 1285 850 propter
1313 812 1494 843 lanceas
1522 813 1569 843 ad
1601 814 1812 845 bibendum
1843 816 1956 846 ultro

175 872 374 912 citroque
413 873 655 903 venientes
708 874 817 904 Verba
844 871 958 919 ,dm-adl
988 871 1073 925 choo
1104 879 1179 904 sunt
1214 883 1271 913 pro
1297 873 1418 920 )>“·³⁸Jl
1447 873 1532 927 alueo
1563 877 1625 913 ῥέα
1659 877 1779 907 βω.
1832 878 1955 908 Vocem

174 934 327 980 ψὶῇωἳῖὡ,
355 946 414 976 qua
429 937 526 966 latera
541 937 611 975 equi
628 937 743 977 mollia,
771 937 822 966 ubi
838 941 948 967 costae
962 936 1121 972 desinunt,
1150 936 1358 977 designantur
1374 942 1467 976 poeta
1483 938 1635 980 adhibuit,
1662 940 1734 979 quia
1754 941 1782 970 in
1803 940 1865 970 isto
1886 941 1954 971 loco

173 999 294 1041 flagelli
321 1000 405 1030 ictus
433 1000 601 1029 maximum
628 998 768 1029 dolorem
795 998 878 1029 facit.
931 998 974 1028 Ut
999 998 1222 1029 vehementem
1250 1009 1375 1040 quoque
1404 1001 1498 1031 ictum
1526 1011 1611 1042 esse,
1637 1011 1697 1041 quo
1725 1010 1823 1041 equus
1841 1002 1955 1032 vulne-

173 1064 270 1101 retur,
297 1061 476 1102 significet,
513 1059 600 1108 52³>
630 1061 818 1101 (secamus)
846 1061 930 1091 dicit.
982 1061 1026 1091 Ni
1059 1070 1126 1091 vox
1153 1050 1261 1097 ‘ejx-35
1289 1061 1558 1092 homoioteleuton
1594 1063 1823 1103 constitueret,
1859 1067 1891 1093 ut
1926 1063 1956 1092 in

172 1125 232 1155 hoc
258 1133 367 1162 causa,
403 1133 459 1154 cur
483 1133 564 1154 voce
591 1133 668 1154 usus
695 1124 758 1162 sit,
786 1128 977 1163 quaeratur,
1006 1133 1078 1152 eum
1105 1122 1304 1163 significasse
1331 1123 1487 1166 dicerem,
1517 1126 1640 1162 equites
1668 1132 1765 1163 equos
1792 1127 1956 1163 tantopere

172 1188 314 1229 flagellis
341 1192 529 1227 percutere,
557 1191 592 1217 ut
619 1187 821 1228 flagellorum
849 1185 972 1215 nonnisi
1000 1189 1109 1224 partes
1137 1191 1306 1216 restarent.
1361 1187 1580 1216 Abu-Hilalus
1608 1187 1692 1228 dicit,
1719 1195 1821 1227 equos
1849 1189 1879 1216 in
1907 1186 1955 1215 in-

174 1251 320 1282 cursione
346 1250 453 1281 hostili
481 1250 631 1281 hinnitum
660 1250 803 1280 omittere
830 1248 1058 1279 adsuefuactos
1085 1258 1182 1290 esse,
1213 1255 1246 1280 ut
1273 1252 1301 1280 si
1329 1250 1398 1289 equi
1422 1259 1533 1280 sonum
1553 1250 1654 1279 lenem
1682 1249 1788 1289 edant,
1816 1249 1954 1290 flagellis

175 1312 403 1350 percutiantur.
455 1312 529 1342 Hoc
555 1311 704 1353 frigidum
732 1310 868 1341 videtur.

173 1410 205 1438 4.
229 1407 333 1444 Quum
353 1412 474 1446 tempus
496 1411 528 1437 in
552 1408 730 1437 calmne'tale
751 1408 895 1436 dentibus
918 1411 947 1436 te
970 1409 1097 1443 mordet,
1124 1408 1228 1436 eodem
1251 1408 1338 1435 modo
1360 1409 1394 1437 id
1413 1407 1543 1438 morde!

273 1478 361 1508 Forti
388 1479 491 1508 animo
516 1477 705 1508 calamitatis
733 1477 867 1516 tempori
898 1477 1110 1506 resistendum
1141 1486 1217 1506 esse
1245 1476 1350 1506 docet.
1402 1478 1540 1517 Tempus
1567 1487 1637 1508 cum
1664 1478 1763 1508 milite
1789 1479 1853 1508 tela
1879 1479 1952 1508 mit-

173 1545 259 1569 tente
286 1545 501 1579 comparatum
528 1549 620 1578 esse,
647 1540 739 1568 Ham.
768 1541 805 1569 t⁸vl
832 1549 865 1569 v.
893 1539 924 1569 2.
953 1539 1113 1577 vidimus3
1149 1539 1209 1569 hoc
1237 1540 1266 1568 in
1293 1549 1390 1570 versu
1418 1540 1530 1581 modo,
1559 1550 1618 1580 quo
1646 1541 1760 1571 bellum
1789 1550 1857 1571 cum
1885 1542 1954 1570 ani-

174 1601 248 1632 mali
280 1611 397 1641 rapace
432 1601 595 1632 confertur
633 1601 751 1639 (conf.
780 1602 872 1631 Ham.
902 1602 939 1630 lv‘l
967 1600 1054 1640 infr.)
1093 1601 1240 1631 collatum
1276 1602 1460 1632 invenimus.
1523 1602 1726 1632 Scholiastes
1761 1602 1828 1631 siue
1863 1602 1953 1631 dubio

174 1672 389 1704 cognoscenS,
416 1662 571 1693 hominem
601 1668 735 1703 tempus,
763 1673 858 1703 quum
885 1662 944 1693 hoc
970 1663 1011 1692 nil
1038 1663 1181 1702 corporei
1208 1663 1335 1704 habeat,
1363 1663 1508 1693 mordere
1536 1672 1597 1692 non
1624 1673 1734 1704 posse,
1761 1663 1847 1701 dixit,
1874 1672 1954 1702 poe-

173 1731 236 1756 tam
263 1726 293 1755 in
320 1726 498 1765 posteriore
532 1736 649 1756 versus
677 1730 765 1766 parte
790 1738 820 1763 tq
848 1721 915 1772 20le
945 1725 996 1756 »id
1031 1721 1160 1756 morde!
1200 1731 1233 1755 ut
1266 1736 1459 1756 consensum
1481 1726 1508 1765 ¹)
1545 1727 1624 1756 inter
1662 1727 1760 1756 verba
1797 1726 1952 1765 efficeret,

175 1787 306 1818 dixisse.
358 1787 424 1818 Sed
451 1797 545 1827 quum
573 1788 706 1827 tempori
734 1798 871 1828 persona
907 1789 1076 1826 tribuatur,
1113 1798 1165 1817 res
1190 1788 1231 1817 nil
1259 1787 1453 1819 difficultatis
1483 1789 1588 1819 habet.
1640 1789 1756 1819 Dicere
1783 1788 1872 1817 vult:
1910 1787 1953 1818 Ut

175 1850 256 1880 hosti
282 1850 359 1880 dure
386 1860 466 1890 erga
492 1856 524 1880 te
553 1852 663 1892 agenti
687 1851 798 1881 eodem
827 1851 916 1881 modo
950 1850 1163 1881 resistendum
1199 1854 1268 1892 est,
1304 1851 1349 1881 sie
1385 1852 1518 1890 tempori
1553 1851 1626 1881 sorti
1661 1852 1764 1881 auimo
1797 1851 1952 1881 resisten-

175 1912 268 1953 dum,
295 1918 328 1943 ut
355 1913 439 1942 nullo
469 1913 560 1942 modo
590 1914 729 1944 cedatur.
783 1914 862 1944 Cum
891 1913 949 1943 hoc
976 1914 1118 1953 loquendi
1146 1911 1238 1941 modo
1266 1912 1492 1952 quodammodo
1519 1913 1689 1953 cohaeret,
1716 1912 1798 1953 quod
1825 1912 1952 1942 dieitur:

173 1985 263 2017 &⁸⁸2²
288 1985 415 2014 Dm
442 1972 482 2004 sil
513 1976 566 2005 »Is
593 1976 680 2004 vitae
706 1976 870 2005 molestias
897 1977 1053 2015 patienter
1079 1976 1171 2007 ἴθι-Μ(
1200 1977 1267 2007 Sed
1294 1981 1343 2007 est
1363 1977 1442 2007 alter
1463 1977 1590 2018 legendi
1607 1975 1720 2006 modus
1737 1975 1862 2022 591⁸&
1879 1968 1950 2021 &je-

175 2037 377 2068 Scholiastes
404 2037 512 2066 verbis
547 2046 678 2065 sensum
705 2036 828 2066 tribuit:
869 2037 974 2067 Firmo
1002 2039 1104 2068 animo
1132 2040 1160 2069 ei
1193 2040 1331 2081 resiste,
1369 2039 1630 2079 quemadmodum
1664 2037 1787 2067 firmum
1820 2038 1952 2066 animum

175 2099 232 2128 tibi
257 2092 413 2128 ostendit!
440 2102 473 2127 et
495 2107 566 2128 cum
591 2097 736 2136 loquendi
763 2097 856 2127 modo
883 2099 1057 2129 cohaerere
1085 2101 1156 2131 dicit
1183 2101 1327 2139 loquendi
1353 2101 1498 2131 modum:
1527 2112 1590 2147 fij)
1616 2098 1685 2129 exa-l
1716 2099 1786 2129 »leo
1815 2096 1951 2137 praedae

176 2161 348 2201 incubans,
376 2160 450 2190 dum
479 2165 686 2190 murmurat.«
741 2159 808 2190 Sed
836 2169 916 2199 quae
943 2161 972 2190 in
999 2161 1143 2191 Kamuso
1171 2164 1246 2193 voci
1272 2163 1418 2193 tribuitur
1443 2161 1636 2203 significatio
1664 2159 1853 2199 capiendi
1881 2167 1950 2187 rum

175 2223 410 2262 praepositione
436 2234 470 2259 ῳ
497 2224 560 2260 rei,
594 2232 633 2253 ea
667 2223 777 2252 sensui
804 2232 922 2252 versus
956 2225 1115 2254 contraria
1141 2233 1203 2254 non
1236 2229 1298 2253 est.
1350 2223 1550 2253 scholiastes
1582 2222 1679 2261 dicit,
1717 2221 1816 2250 verba
1842 2218 1898 2266 Α)
1927 2221 1950 2246 ’ω

174 2285 246 2315 loco
272 2285 403 2315 nominis
430 2284 561 2314 actionis
587 2293 674 2325 esse,
702 2290 736 2315 ut
762 2294 875 2314 nomen
903 2285 1053 2324 temporis
1082 2286 1232 2316 omissum
1259 2288 1310 2316 sit.
1351 2285 1485 2315 Phrasin
1501 2288 1604 2315 autem
1625 2283 1755 2322 tempori
1775 2280 1952 2312 definiendo

175 2348 344 2390 inservire,
372 2348 462 2387 quasi
488 2353 584 2388 poeta
610 2347 746 2380 dixerit:
772 2345 826 2385 ᾧ
852 2347 913 2395 ¹⁸5¹
942 2352 1007 2376 iio-a
1036 2349 1161 2388 »spatio
1188 2347 1355 2389 temporis,
1383 2356 1442 2386 quo
1472 2352 1502 2376 te
1528 2345 1682 2375 mordent

192 2464 222 2496 l)
240 2465 307 2489 Voci
324 2458 433 2498 metha
450 2464 612 2494 significatio
630 2464 782 2496 generalis,
801 2468 828 2488 et
846 2471 898 2488 non
917 2471 963 2496 ea,
987 2472 1063 2496 quam
1082 2465 1106 2488 in
1125 2468 1184 2489 arte
1202 2465 1334 2489 rhetorica
1353 2465 1447 2494 babet,
1470 2465 1555 2487 danda
1574 2467 1614 2487 est
1641 2463 1724 2486 cons.
1744 2462 1953 2486 Almoulittiusur

239 2521 264 2545 p.
282 2516 345 2539 568.
363 2519 388 2539 et
409 2515 534 2540 nai-stell.
554 2517 580 2540 d.
598 2517 679 2540 Δηώ.
698 2515 796 2540 Vei-sk.
815 2522 839 2545 Ρ.
857 2516 921 2540 5³2.
957 2517 1056 2540 similis
1075 2520 1115 2540 est
1134 2516 1258 2546 loquendi
1277 2515 1367 2539 modus
1386 2521 1402 2538 a
1419 2514 1564 2537 schelius-te
1583 2519 1598 2537 e
1617 2513 1725 2537 Corano
1745 2513 1839 2536 citatus
1864 2513 1951 2535 conl.

238 2561 302 2585 Sur.
319 2560 346 2591 2,
365 2562 428 2586 19⁰.
