2247 2865
936 86 1206 118 —181—

179 198 240 219 non
267 189 347 220 abis.
385 190 465 219 Tum
492 189 680 220 Nolrmanus
706 188 827 219 famulo
854 188 1037 220 mandatum
1064 190 1172 231 dedit,
1200 194 1232 221 ut
1258 191 1424 230 colaphum
1450 192 1478 221 ci
1506 191 1685 231 infligeret3
1721 193 1846 232 optavit
1872 194 1967 234 enim,

179 255 225 291 ut,
252 252 326 282 dum
353 252 406 281 ille
431 254 463 282 in
490 260 635 281 sermone
662 251 790 281 modum
816 251 1004 289 excederet,
1031 252 1098 282 eius
1123 253 1254 283 necandi
1272 254 1475 283 occasionem
1495 254 1638 284 liaberet.
1665 256 1742 285 Tum
1762 256 1855 286 dixit:
1885 255 1969 294 Quid

179 314 326 353 responsi
345 310 428 346 cst?
454 312 584 343 thdus
610 317 718 342 nutem
744 313 842 343 dixit:
869 314 1008 349 Stultus,
1036 315 1086 352 qui
1114 315 1289 346 mandatum
1315 319 1438 356 accepit
1467 317 1584 353 (Meid.
1613 318 1650 348 C.
1684 318 1739 359 12,
1767 320 1855 358 481),
1886 330 1967 359 quun

177 376 278 406 verba
303 376 335 406 in
361 376 561 416 proverbium
587 381 755 408 venerunt.
782 377 972 406 Nohmunus
1002 375 1117 406 rumulo
1139 377 1311 415 imperans:
1339 379 1455 409 lterum
1476 379 1646 418 colaphum
1667 380 1695 409 ei
1715 380 1846 419 inflige!
1872 382 1968 414 dixit:

179 439 283 477 Quale
304 448 492 479 responsum
510 436 635 469 habes?
666 444 728 470 tum
757 441 854 470 alter:
882 441 918 471 Si
947 441 1030 480 prior
1058 443 1087 471 ei
1115 440 1306 470 interdictus
1335 441 1461 480 suisset,
1488 442 1526 472 ad
1548 443 1837 481 posteriorc-innon
1857 454 1971 474 rever-

180 502 276 532 tisset
303 501 405 540 (conf.
419 501 517 531 Meid.
534 501 592 539 ⁷23,
608 501 670 539 3.).
700 504 739 532 Et
755 502 834 532 haec
851 513 977 542 quoqne
998 504 1097 533 verba
1113 509 1228 542 postea
1244 505 1405 542 proverbii
1436 505 1503 534 loco
1530 510 1631 534 erant.
1672 506 1754 535 Tum
1780 505 1972 536 Nolnmanus

178 564 272 594 tertio
285 563 451 602 colaphum
465 562 532 593 dari
547 564 653 603 iussit,
669 564 795 594 dicens:
817 563 920 602 Quale
935 564 1029 594 liuius
1043 574 1236 606 responsum
1256 570 1306 594 est
1317 562 1333 594 ’ἐ
1366 565 1432 594 Sed
1449 566 1529 595 alter
1544 565 1638 596 dixit:
1667 567 1823 597 Dominus
1839 576 1970 598 servum

178 636 270 656 suum
285 626 450 665 castigans
468 626 568 664 (conf.
585 625 684 655 Meid.
698 626 735 656 C.
753 625 809 661 10,
829 625 938 663 1761).
964 626 1153 656 Nohmanns
1170 632 1289 667 autern,
1301 632 1335 657 ut
1354 632 1466 666 quarto
1481 628 1636 666 colaphus
1652 628 1793 669 daretur,
1809 629 1969 668 imperans

178 690 318 729 rogavit,
342 688 435 728 quale
461 696 653 726 responsum
681 684 799 717 esset?
827 687 919 716 Alter
935 687 1070 727 denique
1084 689 1176 719 dixit:
1206 689 1239 717 In
1262 694 1453 727 potestatem
1475 689 1646 729 redegisn3
1675 690 1732 720 sed
1750 700 1844 729 parce
1864 689 1966 728 (cons.

178 750 344 789 Meid.24‚
362 745 476 788 1320!
495 750 684 779 Nolnnauus
699 753 761 779 tum
779 749 871 779 dixit:
901 749 1114 787 Concwditur3
1142 754 1174 779 et
1194 745 1340 779 conside!
1358 750 1559 790 Aliquamdiu
1579 760 1672 789 quum
1689 751 1772 790 apud
1791 761 1863 781 enm
1878 761 1966 782 com-

177 818 319 846 moratus
345 819 448 854 esset,
475 813 646 842 Nolimano
675 812 805 851 placuit,
831 816 865 841 ut
891 811 1028 850 aliquem
1056 813 1203 851 pabulum
1230 812 1411 852 quaesitum
1426 814 1574 842 mitteret.
1604 812 1783 842 Alnnruum
1803 813 1831 842 b.
1848 813 1967 853 Malec,

177 876 309 906 fratrem
334 875 434 906 Saluti
460 875 489 906 b.
517 874 631 912 Maleo,
660 874 756 904 misit.
812 873 873 911 Qui
901 882 995 912 quum
1023 873 1128 903 redire
1156 877 1378 908 cunctaretur,
1416 873 1498 903 hanc
1536 874 1574 904 ob
1612 883 1743 904 causam
1780 874 1831 904 ille
1869 875 1970 904 iratus

176 939 307 976 iuravit,
333 947 371 967 se
395 938 468 967 sive
495 936 627 966 laudans
656 937 803 975 pabulum
830 937 903 966 sive
932 936 1118 975 vituperans
1140 936 1319 975 adveniret,
1348 945 1418 965 eum
1442 936 1628 967 occisurum.
1656 936 1799 977 Salidus,
1827 937 1970 967 Ahmruo

177 1000 341 1041 redeunte,
368 999 451 1039 apud
476 998 679 1029 Nolimanum
707 999 737 1028 in
763 1008 918 1029 consessu
944 999 1101 1029 hominum
1129 998 1260 1040 sedens,
1289 1000 1404 1037 quippe
1431 1001 1484 1037 qui
1500 997 1661 1028 Nolunani
1677 998 1895 1028 iusiurandum
1910 1008 1970 1028 au-

177 1062 328 1103 divisset,
359 1061 528 1091 Nohmano
548 1061 646 1091 dixit:
673 1062 761 1091 Num
789 1070 859 1091 cum
885 1070 924 1091 eo
951 1061 1149 1100 colloquendi
1168 1061 1295 1090 veniam
1322 1060 1397 1090 mihi
1424 1056 1508 1090 das?
1539 1058 1644 1097 Quum
1669 1060 1733 1098 ille,
1762 1070 1800 1090 se
1826 1060 1969 1102 linguam

177 1125 239 1165 ipsi
266 1128 511 1164 amputaturum,
539 1124 564 1154 si
592 1124 784 1164 loqueretur,
812 1123 949 1153 diceret:
979 1124 1030 1153 An
1058 1124 1162 1154 indicii
1186 1135 1282 1155 manu
1309 1121 1474 1155 faciendi?
1501 1127 1534 1153 et
1559 1123 1729 1153 Nolunano
1757 1124 1895 1164 dicente,
1921 1133 1970 1166 se,

176 1189 206 1217 si
232 1187 362 1225 faceret,
389 1195 514 1216 manum
542 1192 742 1216 resectumm
770 1195 865 1221 esse3
894 1186 1040 1226 rogavit:
1069 1188 1121 1216 An
1148 1184 1266 1217 nutus?
1295 1194 1328 1218 ct
1353 1187 1523 1217 Nolnnano
1554 1187 1703 1227 minante,
1731 1196 1769 1216 se
1799 1186 1909 1216 oculos
1939 1189 1969 1217 ei

177 1249 362 1278 evulsurum
388 1257 477 1286 esse,
506 1248 654 1288 denique,
684 1253 719 1278 ut
745 1249 858 1278 baculo
886 1248 1033 1287 pulsandi
1059 1249 1185 1278 veniam
1214 1248 1316 1290 daret,
1345 1249 1447 1288 petiit.
1503 1248 1605 1286 Quam
1632 1248 1756 1278 venium
1784 1257 1880 1287 quum
1910 1251 1968 1279 ac·'-

177 1311 329 1350 cepisset,
354 1312 501 1341 baculum
527 1321 546 1341 a
573 1312 706 1350 quodam
733 1313 827 1342 simul
853 1318 1023 1352 praesente
1051 1313 1165 1344 sumsit
1192 1318 1224 1343 et
1249 1322 1354 1342 coram
1381 1321 1419 1342 se
1454 1311 1608 1350 deposuit,
1653 1311 1734 1340 Tum
1770 1320 1830 1340 suo
1867 1311 1968 1349 ipsius

178 1375 290 1404 baculo
317 1374 462 1412 alterum,
489 1374 562 1404 dum
590 1375 688 1405 frater
716 1376 832 1414 stabat,
859 1385 922 1405 una
947 1375 1019 1405 vice
1045 1373 1215 1414 percussit.
1246 1372 1316 1410 Quo
1344 1372 1428 1402 facto
1456 1382 1551 1411 quum
1567 1372 1666 1401 frater
1692 1381 1761 1401 eum
1780 1371 1968 1408 intueretur,

177 1436 291 1465 baculo
307 1438 435 1476 signum
448 1445 567 1466 versus
582 1446 654 1466 euin
670 1436 757 1476 fecit,
782 1446 823 1467 ex
837 1447 897 1476 quo
914 1437 1078 1477 cognovit,
1104 1445 1173 1466 eum
1187 1435 1311 1465 dicere:
1343 1434 1431 1463 Loco
1449 1437 1502 1463 tuo
1518 1432 1625 1465 mane!
1652 1434 1734 1462 'l'um
1762 1426 1831 1470 (i)-
1855 1424 1967 1468 99⁵)

178 1499 322 1529 baculum
347 1509 411 1529 una
436 1500 508 1530 vice
536 1499 679 1539 pulsavit
704 1504 737 1530 et
763 1499 802 1530 ad
829 1500 951 1530 coelum
979 1499 1120 1540 sustulit,
1151 1504 1214 1528 tum
1243 1496 1385 1527 baculum
1413 1505 1506 1525 suum
1535 1495 1636 1524 altero
1652 1494 1818 1534 abstersit,
1845 1503 1886 1523 ex
1906 1502 1968 1533 quo

177 1562 342 1602 cognovit,
369 1571 442 1591 eum
458 1561 561 1600 velte,
586 1565 621 1591 ut
638 1561 780 1591 diceret:
808 1561 1020 1591 Sterilitatem
1046 1569 1108 1589 non
1134 1559 1260 1598 inveni3
1288 1563 1355 1588 tum
1382 1558 1531 1588 baculum
1546 1557 1667 1596 pluries
1692 1562 1838 1587 extremo
1854 1556 1968 1586 baculo

176 1631 236 1652 suo
265 1623 405 1662 pulsavit
430 1626 463 1652 et
491 1626 606 1662 postea
633 1623 794 1662 paululum
823 1623 974 1663 sustulit,
1010 1632 1029 1652 e
1056 1631 1117 1660 quo
1146 1621 1320 1661 cognovit,
1356 1629 1428 1650 eum
1456 1619 1564 1659 velle,
1605 1623 1640 1648 ut
1677 1618 1814 1648 diceret:
1850 1618 1968 1657 Neque

178 1684 300 1724 plantas
316 1682 353 1723 ¹).
394 1684 542 1724 Denique
569 1693 631 1714 una
657 1684 731 1713 vice
760 1684 908 1714 baculum
936 1683 1076 1723 pulsavit
1105 1686 1136 1713 et
1165 1692 1283 1712 versus
1299 1682 1502 1716 Nolunauum
1521 1681 1648 1722 direxit,
1677 1691 1694 1711 e
1721 1690 1782 1719 quo
1802 1680 1969 1720 intellexit,

177 1756 247 1776 eum
273 1746 382 1788 velle,
409 1751 445 1777 ut
474 1747 559 1776 illum
586 1746 808 1785 alloqueretur.
835 1745 1000 1776 Alimruus
1016 1746 1044 1775 b.
1063 1745 1168 1775 Maleo
1199 1749 1302 1775 autem
1328 1747 1490 1784 processit
1517 1754 1556 1774 eo
1584 1753 1702 1783 usque,
1731 1743 1832 1773 donec
1860 1752 1968 1772 coram

176 1806 346 1837 Nohmauo
372 1811 483 1841 staret,
509 1806 698 1838 Nohmanus
727 1807 958 1848 interrogavit:
986 1807 1074 1837 Num
1101 1807 1172 1836 anni
1199 1811 1391 1846 proventum
1421 1806 1532 1836 laudas
1561 1816 1601 1836 an
1627 1805 1857 1835 infertilitatem
1878 1805 1967 1834 vitu-

178 1864 298 1906 peras?
325 1868 418 1898 Alter
445 1869 622 1908 respondit:
651 1868 778 1899 Herbas
797 1879 859 1898 non
885 1868 1026 1910 laudavi,
1053 1873 1140 1900 terra
1166 1879 1266 1899 avara
1292 1873 1363 1910 est3
1391 1877 1492 1907 neque
1514 1869 1582 1899 cius
1609 1871 1786 1907 proventus
1814 1866 1968 1907 noscitur,

178 1938 279 1967 neque
308 1929 378 1959 eius
404 1929 585 1960 infertilitas
615 1930 815 1962 describitur.
844 1931 1000 1961 Pabulum
1028 1940 1183 1970 quaerens
1210 1936 1288 1971 stat,
1315 1934 1346 1960 et
1373 1931 1443 1960 eius
1466 1930 1614 1960 nesciens
1639 1930 1729 1958 novit
1757 1933 1790 1958 et
1816 1929 1886 1958 eius
1912 1936 1969 1957 se-

179 1999 274 2020 curus
301 1986 435 2032 timet‘z).
463 1991 544 2022 Tum
573 1991 790 2023 Alnohmanus
818 1993 915 2023 dixit:
942 1994 1065 2024 Malum
1085 1988 1383 2033 tibi„superveniatl
1411 1992 1472 2023 hoc
1485 1997 1517 2021 te
1533 1990 1694 2023 liberasti!
1720 1990 1808 2020 Sice
1827 1989 1966 2029 periculo

179 2054 298 2082 evasit.
326 2052 448 2082 Primus
462 2054 491 2082 is
507 2058 588 2094 erat,
610 2054 659 2083 cui
672 2053 806 2084 baculus
819 2054 1010 2093 pulsaretur.
1039 2055 1169 2085 Sahdus
1186 2056 1213 2085 b.
1231 2055 1349 2095 Maleo,
1377 2054 1459 2094 quod
1478 2054 1622 2084 baculum
1639 2053 1839 2092 pulsaverat,
1871 2051 1970 2081 hosce

179 2123 298 2144 versus
317 2113 454 2154 dixit³):
482 2114 747 2155 (metr.'1·hawil)
775 2116 969 2146 Baculum
999 2117 1190 2155 pulsavi,
1217 2116 1347 2146 donec
1371 2115 1515 2145 socius
1544 2124 1656 2144 meus
1685 2112 1967 2152 intelligeret,

181 2181 221 2206 et
247 2176 283 2205 si
310 2175 386 2205 hoc
411 2184 489 2205 non
515 2175 697 2218 suisset,
731 2177 974 2207 hominibus
1009 2177 1185 2207 baculus
1219 2178 1420 2216 pulsatus
1455 2186 1531 2206 non
1571 2180 1706 2206 esset.
1755 2175 1804 2204 Et
1841 2173 1967 2202 dixit:

180 2239 345 2268 Terram
382 2237 470 2268 vidi
506 2248 640 2279 neque
672 2239 868 2270 sterilem
902 2248 1038 2278 neque
1072 2239 1214 2276 talem,
1253 2244 1294 2268 ut
1331 2239 1466 2270 libere
1506 2239 1705 2270 incedens
1746 2234 1967 2277 pascendo

179 2299 428 2342 satiaretur3
456 2299 591 2332 media
617 2306 821 2342 erat,nam
846 2311 926 2332 non
953 2305 1073 2331 tanta
1100 2301 1374 2344 infertilitas,
1403 2307 1444 2332 ut
1470 2303 1662 2343 sciretur,
1689 2309 1822 2340 neque
1848 2299 1967 2339 larga

199 2442 229 2470 1)
248 2443 346 2466 Beatus
364 2443 396 2466 de
413 2443 488 2471 Sacy
507 2441 532 2465 in
551 2441 642 2464 codice
660 2447 710 2465 suo
728 2432 798 2473 hil-g..)
812 2430 848 2474 3>
867 2440 944 2471 legit,
955 2439 1025 2470 quod
1044 2440 1110 2465 idern
1130 2441 1154 2464 iu
1174 2441 1286 2465 'l‘ebrisii
1305 2441 1396 2465 codice
1415 2441 1532 2466 invenio.

197 2494 228 2524 2)
250 2496 277 2518 ln
297 2494 421 2519 Meidanii
439 2500 521 2524 opere
540 2494 622 2517 verba
640 2492 748 2522 paulurn
767 2493 873 2516 diversa
889 2495 963 2516 sunt.
981 2496 1069 2518 conf.
1089 2495 1170 2518 Meid.
1189 2494 1218 2519 C.
1238 2496 1258 2526 Ι,
1280 2494 1341 2519 146.
1359 2500 1386 2524 p-
1403 2495 1450 2517 55.

198 2544 229 2571 3)
247 2544 288 2568 De
305 2544 378 2568 hisce
396 2544 520 2568 versibus
537 2543 627 2568 conf.
645 2543 724 2567 Meid.
742 2542 771 2567 c.
788 2543 811 2573 1,
832 2542 897 2567 146.
