2247 2865
953 79 1222 111 -428—

196 189 389 223 compes,
416 185 449 212 ut
476 189 596 211 sensus
622 180 688 221 sit,
714 178 993 219 compedibus
1021 184 1226 218 ornatuS,
1261 188 1323 219 qua
1350 188 1433 209 voce
1460 184 1514 209 aut
1542 180 1608 220 ipsa
1636 182 1747 211 mulier
1774 181 1985 222 significatur,

197 252 266 273 nain
294 244 462 281 mulieres,
498 247 720 283 praeterquam
748 241 830 282 quod
858 242 887 271 in
914 242 1049 273 brachiis
1076 243 1205 272 armillis
1232 239 1324 295 ἔδυ.)
1351 246 1383 272 et
1411 242 1440 272 in
1471 243 1612 273 cruribus
1640 245 1762 273 annulis
1790 250 1828 288 εἰς
1857 250 1988 275 ornatae

196 309 297 342 erant,
324 306 353 335 in
380 305 495 336 intimis
522 305 668 335 cruribus
696 309 829 335 catenas
856 305 961 345 (33)
988 305 1143 346 gerebant
1173 310 1228 335 aut.
1256 305 1305 334 vir
1331 305 1422 336 modo
1450 306 1590 335 mulieris
1619 306 1826 345 compedibus
1854 314 1986 338 ornatus

194 373 250 398 aut
276 369 426 407 vinctus,
462 372 494 398 ut
520 368 643 398 nonnisi
670 368 778 407 parvis
805 369 974 409 gressibus
1002 378 1070 398 eum
1097 368 1287 398 difficultate
1315 368 1490 407 procedere
1519 369 1629 408 possit.
1684 370 1764 399 Sive
1794 380 1887 400 unum
1916 371 1987 400 sive

196 431 330 461 alterum
356 430 547 471 praefertur,
574 439 689 460 sensus
715 434 790 467 est,
820 436 946 470 poetam
974 432 1109 462 debilem
1138 432 1238 462 instar
1265 432 1402 461 mulieris
1431 435 1483 461 aut
1510 432 1568 461 viri
1597 432 1669 462 talis
1696 442 1757 462 non
1785 442 1869 462 esse.
1925 433 1985 462 Alii

195 501 311 523 vocem
337 502 356 523 a
382 491 450 529 XL?
484 492 703 523 »cubiculum«
735 493 893 534 derivant,
921 499 955 524 ut
970 494 1237 535 significationem
1262 495 1397 524 mulieris
1428 494 1455 523 in
1484 495 1636 524 cubiculis
1657 495 1778 535 (legens
1806 497 1826 524 i.
1841 505 1869 525 e.
1885 495 1989 524 molli-

194 559 243 585 ter
269 554 422 586 educatae
449 560 503 584 aut
530 555 603 595 viri,
631 557 682 594 qui
708 564 836 594 semper
864 555 892 584 in
919 556 1064 586 cubiculo
1093 557 1199 586 uxoris
1227 561 1278 586 est
1306 557 1324 589 i.
1353 566 1379 585 e.
1409 556 1510 585 moltis
1539 560 1570 586 et
1598 557 1660 586 laxi
1679 556 1804 586 habeat.
1857 556 1985 586 Sensus

195 621 301 648 autem
326 627 345 648 a
373 618 479 658 priore
506 618 668 648 derivandi
695 617 787 647 modo
814 627 875 647 non
902 617 1018 648 differt.
1055 620 1177 649 Vocem
1196 617 1279 656 ,laem
1306 620 1432 658 proprie
1462 619 1501 648 de
1528 629 1619 648 «tama
1650 619 1843 658 propendula
1871 619 1987 649 dictam

193 686 301 720 poeta,
329 686 363 712 ut
388 681 539 722 videtur,
567 682 804 721 comparatione
834 691 913 711 usus
941 682 971 711 in
998 682 1094 721 laxo,
1121 683 1204 712 molli
1233 691 1324 712 crure
1353 681 1548 721 designando
1577 681 1728 711 adhibuit.
1783 682 1871 711 Loco
1899 682 1988 712 vocis

192 740 254 782 4921!
284 743 394 783 ploro
422 749 538 783 poetae
565 744 674 773 verbis
694 740 826 788 vemt
846 743 931 781 jam
955 741 1037 773 §is-<⁶
1065 744 1307 774 convenientius
1334 742 1402 783 543
1430 744 1567 782 plorat
1595 744 1762 784 dicendum
1778 750 1858 777 erat.
1889 745 1988 774 l’oeta

195 815 233 836 se
261 814 332 836 eum
359 816 421 836 non
448 816 542 846 esse,
569 807 618 845 qui
647 807 752 837 levem
780 807 818 836 ob
846 817 995 847 causam,
1024 809 1126 847 qualis
1154 808 1265 837 cameli
1293 808 1483 837 claudicatio
1510 809 1575 846 sit,
1605 809 1707 847 ploret
1737 813 1768 837 et
1796 808 1988 848 muliebrem,

194 868 383 907 mollemque
410 869 545 899 animum
575 869 734 900 ostendat.
788 871 896 900 Causa
925 871 1066 910 plorandi
1096 875 1202 900 autem
1232 870 1351 909 duplex
1384 879 1459 900 esse
1495 874 1598 909 potest
1638 875 1693 900 aut
1730 870 1811 909 quod
1849 870 1989 900 camelus

192 939 306 961 noxam
334 940 449 971 passus
477 934 519 962 sit
549 938 602 962 aut
632 933 716 972 quod
752 934 837 975 ipsi,
874 944 968 973 quum
1004 935 1145 964 camelus
1181 933 1359 971 claudicet,
1398 933 1533 972 pedibus
1561 933 1768 963 incedendum
1797 934 1847 963 sit.
1899 933 1990 963 Hanc

192 1002 270 1023 vero
305 994 525 1033 specialiorem
564 996 789 1036 interpretandi
824 998 976 1027 rationem
1014 997 1052 1027 ob
1088 997 1187 1027 verba
1222 993 1355 1041 &lm-'l
1392 994 1507 1027 ‚ia-mu
1540 993 1632 1024 >10³⁴
1668 996 1763 1035 priori
1796 995 1988 1036 generaliori

192 1054 351 1093 praesero.

188 1150 221 1180 5.
242 1150 314 1189 Eyo
336 1153 384 1181 tir
405 1162 422 1182 e
440 1157 534 1190 yeme
560 1154 686 1183 Tanuclt
710 1166 791 1189 sum,
817 1159 885 1186 eius
907 1153 1057 1197 (yemis)
1081 1158 1214 1189 mliulor,
1239 1158 1294 1194 qui
1314 1159 1347 1186 in
1370 1157 1459 1185 bellis
1484 1158 1516 1185 in
1541 1166 1577 1185 se
1598 1159 1743 1194 suscipit,
1768 1156 1852 1195 qnod
1870 1157 1900 1184 ei
1911 1164 1989 1192 por-

922 1213 1052 1241 tandum
1074 1214 1247 1248 imponunt.

288 1277 313 1306 E
342 1282 442 1317 gente
470 1277 605 1308 Tanucli
634 1288 668 1310 se
696 1280 862 1311 oriundum
891 1281 1055 1321 gloriatur,
1083 1281 1177 1310 simul
1206 1280 1339 1320 addens,
1367 1290 1405 1310 se
1432 1280 1641 1320 qualicunque
1668 1279 1761 1309 modo
1788 1279 1868 1318 ipsis
1894 1278 1988 1308 auxi-

191 1339 265 1369 lium
293 1339 378 1370 serre
406 1346 439 1370 et
466 1342 583 1373 nullam
619 1343 796 1374 molestiam
833 1353 989 1374 recusare.
1043 1343 1182 1374 Gentem
1209 1343 1342 1372 'l'anucb
1371 1343 1409 1372 ad
1437 1348 1565 1383 gentem
1592 1341 1814 1371 'raim-Anah
1839 1341 1868 1369 b⁴
1896 1340 1987 1370 Asad

188 1401 248 1431 heu
275 1402 442 1432 XVabarah
473 1405 631 1444 pertinet3
660 1405 718 1435 sed
746 1406 904 1446 conseras,
932 1416 1013 1446 quae
1039 1407 1126 1435 initio
1154 1405 1247 1435 liuius
1275 1406 1420 1435 carminis
1450 1405 1636 1434 monuimus.
1664 1403 1866 1433 Scholiastes
1894 1402 1986 1442 dixit,

187 1472 302 1493 vocem
329 1460 403 1508 iss-2¹5
432 1465 505 1495 licet
532 1476 598 1496 cum
628 1476 665 1496 ea
693 1466 845 1497 suffixum
875 1469 1072 1498 coniunctum
1106 1468 1168 1504 sit,
1205 1467 1286 1496 haud
1326 1467 1485 1497 delinitam
1521 1476 1621 1505 esse,
1661 1468 1777 1505 quippe
1813 1473 1986 1504 pronomen

192 1533 264 1555 cum
292 1536 330 1555 ea
359 1528 557 1566 coniunctum
586 1538 696 1558 vocem
724 1530 848 1559 nonnisi
875 1530 1045 1569 specialem
1074 1529 1202 1568 reddat,
1230 1534 1281 1569 ut,
1310 1529 1381 1559 dum
1409 1530 1451 1559 sit.
1478 1538 1533 1568 pro
1561 1524 1586 1557 al
1606 1529 1700 1573 jol-i,
1727 1529 1756 1557 in
1784 1538 1822 1558 ea
1848 1528 1987 1558 Nunna-

192 1588 308 1618 tionem
338 1590 485 1630 cogitare
512 1590 686 1620 debeamus
716 1593 842 1629 (cons.
861 1593 954 1623 llam.
976 1603 1005 1632 p.
1023 1595 1063 1623 rr‘t
1081 1594 1180 1631 inlr).
1210 1594 1243 1621 In
1272 1593 1459 1622 carminibus
1486 1592 1594 1631 gentis
1616 1591 1749 1621 Hodsail
1776 1599 1895 1620 versus
1923 1589 1987 1631 hic,

187 1650 261 1681 dum
290 1652 406 1693 legitur
433 1654 530 1690 ,μὰψ
555 1669 598 1692 0⁴·
619 1653 679 1698 ,fol
707 1654 761 1694 gl,
788 1655 989 1685 llodsailitae
1015 1655 1141 1685 nomine
1169 1655 1287 1685 Boraik
1314 1654 1377 1683 filio
1405 1653 1526 1693 lhjadhi
1554 1653 1753 1683 adscribitur.

956 1750 1185 1784 elman.

494 1813 635 1869 Dixit
657 1815 981 1850 Abba-Anah
1005 1817 1050 1850 1».
1074 1816 1267 1851 Satn-ah
1291 1813 1675 1848 Haraselnensis.

288 1884 388 1914 Poeta
416 1889 562 1924 tempore
587 1886 693 1916 Islami
720 1888 837 1918 vivens
868 1897 1042 1929 cognomen
1057 1888 1295 1919 Haraschensis
1323 1897 1342 1917 a
1367 1887 1439 1916 loco
1456 1887 1595 1916 Arabiae
1619 1886 1724 1916 felicis
1756 1889 1824 1932 (p,
1847 1891 1981 1932 239.)

188 1946 338 1977 Harasch
367 1949 501 1987 accepit.

190 2043 220 2072 1.
243 2042 349 2079 Quum
363 2043 491 2073 Orionis
508 2046 598 2074 sidus
617 2046 732 2075 elalum
748 2051 804 2081 est,
830 2049 903 2078 dum
926 2049 1075 2078 Pleiades
1097 2048 1253 2080 oriuntur,
1279 2047 1382 2074 omnia
1395 2044 1574 2082 Euphratis
1590 2045 1670 2073 rada
1692 2046 1826 2073 transiri
1843 2049 1988 2082 possunt.

287 2113 337 2142 Ex
363 2118 519 2152 sequente
546 2124 646 2144 versu
675 2116 831 2146 coniicere
855 2117 952 2157 licet,
991 2122 1119 2156 poetam
1149 2116 1221 2155 qui,
1249 2114 1421 2154 principem
1449 2114 1572 2143 veniam
1599 2119 1750 2154 rogasset
1780 2114 1976 2153 Euphratem

189 2174 396 2215 transeundi,
423 2176 497 2206 sive
527 2182 561 2207 ut
588 2177 627 2208 ad
654 2188 733 2208 suos
761 2179 878 2208 rediret
903 2180 975 2209 sive
1004 2184 1039 2209 ut
1065 2188 1129 2208 reni
1157 2178 1198 2207 ibi
1225 2180 1415 2217 perageret,
1443 2176 1523 2205 haue
1550 2175 1676 2204 veniam
1704 2185 1767 2204 non
1794 2175 1981 2204 obtinuisse.

186 2237 233 2268 Se
259 2238 428 2267 consolans
456 2243 488 2268 et
515 2240 647 2279 principi
674 2242 794 2271 minans
824 2241 921 2282 dicit,
960 2250 996 2272 se
1023 2246 1150 2280 tempus
1180 2244 1437 2278 exspectaturum
1474 2248 1573 2279 esse,
1613 2247 1675 2277 quo
1705 2238 1851 2277 princeps
1879 2237 1982 2275 ipsum

186 2301 325 2331 retinere
350 2310 412 2331 nou
439 2303 553 2340 possit.
606 2303 705 2333 Hisce
730 2308 834 2334 autem
862 2304 971 2334 verbis
999 2308 1031 2333 et
1055 2303 1169 2333 fortem
1198 2304 1359 2342 animum,
1398 2303 1452 2341 qui
1490 2302 1640 2340 principis
1669 2301 1745 2329 iram
1774 2309 1835 2328 non
1869 2299 1981 2328 metuit

187 2368 221 2393 et
246 2363 369 2394 firmum
397 2365 426 2393 in
455 2374 488 2393 re
517 2365 701 2406 peragenda
728 2367 924 2405 propositum
954 2366 1147 2396 manifestat.
1202 2365 1386 2404 Euphrates
1415 2364 1472 2403 (de
1500 2373 1560 2403 quo
1588 2363 1694 2393 conf.
1722 2361 1826 2391 Abulf.
1855 2360 1979 2400 Geogr.

186 2433 218 2463 p.
244 2425 289 2464 ol)
328 2428 471 2465 tempore
510 2426 623 2455 summi
658 2432 770 2456 aestus
807 2437 889 2466 aqua
923 2427 1133 2458 decrescente
1169 2428 1274 2457 multis
1312 2427 1390 2456 loeis
1423 2426 1552 2457 transiri
1580 2427 1696 2463 potest.
1748 2422 1827 2452 lllud
1853 2428 1979 2461 tempus

186 2485 294 2514 verbis
320 2482 398 2534 &Uo
424 2484 542 2529 523¹>
569 2475 680 2534 ’5)ὲῖ
708 2485 807 2519 &Aba
837 2487 878 2516 533
914 2490 1097 2519 accuratius
1133 2488 1298 2518 definitum
1330 2493 1392 2518 est.
1446 2488 1565 2517 Vocem
1593 2473 1701 2533 ²5:3¹
1731 2484 1822 2514 sidus
1851 2484 1978 2514 Orionis

187 2545 320 2587 (conf.
353 2548 467 2580 ldeleri
503 2549 571 2578 libr.
599 2548 889 2591 Uutersuchungen
923 2551 1000 2581 iiber
1033 2550 1093 2581 den
1117 2550 1287 2592 Ursprung
1312 2560 1341 2580 u.
1371 2549 1422 2579 die
1450 2548 1643 2589 Bedeutung
1680 2547 1735 2578 der
1762 2548 1978 2578 Stet-nnanien
